{"productsFound": 10985, "productsReturned": 22, "productsAvailable": 10985, "products": [{"technicalArticleNumber": "14961", "commercialArticleNumber": "14961", "gtin": ["15400141728603", "05400141728606", "05400141183962", "15400141192923", "05400141192926"], "productId": "36", "name": "Pur\u00e9e en flocons", "description": "*Pur\u00e9e de pommes\nde terre\n*Flocons\n*4 sachets de 125g", "brand": "EVERYDAY", "seoBrand": "Everyday", "thumbNail": "https://static.colruytgroup.com/images/200x200/std.lang.all/14/11/asset-1661411.jpg", "fullImage": "https://static.colruytgroup.com/images/500x500/std.lang.all/14/11/asset-1661411.jpg", "squareImage": "https://static.colruytgroup.com/images/500x500sq/std.lang.all/14/11/asset-1661411.jpg", "content": "4x125g", "price": {"basicPrice": 2.01, "recommendedQuantity": "1.0", "measurementUnitPrice": 4.02, "measurementUnit": "K", "isRedPrice": false, "pricePerUOM": 4.02, "activationDate": "26-07-2025", "recordSource": "Offline", "isPromoActive": "N", "priceChangeCode": "E", "priceReason": "Reaction"}, "isPriceAvailable": true, "channelAvailability": ["8_BE_STORE", "8_LU_STORE", "8_BE_COLLECT_NEXT_DAY", "8_BE_HOME_DELIVERY", "8_BE_HOME_DELIVERY_DRIVER"], "businessDomain": "RETAIL_BE", "isAvailable": true, "inPromo": false, "topCategoryName": "Epicerie", "topCategoryId": "2738", "categories": [{"name": "Epicerie", "id": "2738", "children": [{"name": "Farines/F\u00e9culents/P\u00e2tisserie", "id": "2768", "children": [{"name": "Pur\u00e9e", "id": "3480"}]}]}], "IsPrivateLabel": true, "amount": 0.5, "IsBiffe": false, "WeightconversionFactor": "0", "IsWeightArticle": false, "nutriscoreLabel": "A", "IsBio": false, "CountryOfOrigin": "FRANCE", "IsExclusivelySoldInLuxembourg": false, "OrderUnit": "P", "ShortName": "EVD PUREE FLOCON4X125GR", "IsNew": false, "amountUnit": "kg", "CountryOfOriginISO": "FR", "EcoscoreLabel": "B", "LongName": "EVERYDAY Pur\u00e9e en flocons 4x125g", "RecentQuanityOfStockUnits": "12,1,1", "FicCode": "I", "EcoscoreValue": "73"}, {"technicalArticleNumber": "15003", "commercialArticleNumber": "15003", "gtin": ["05000127077225", "05053827195317", "05053827197397", "05053827199223", "05053827195713"], "productId": "37", "name": "Fruit'n Fibre", "description": "*P\u00e9tales de bl\u00e9\ncomplet avec fruits", "brand": "KELLOGG'S ALL-BRAN", "seoBrand": "Kellogg's All-Bran", "thumbNail": "https://static.colruytgroup.com/images/200x200/std.lang.all/01/99/asset-2510199.jpg", "fullImage": "https://static.colruytgroup.com/images/500x500/std.lang.all/01/99/asset-2510199.jpg", "squareImage": "https://static.colruytgroup.com/images/500x500sq/std.lang.all/01/99/asset-2510199.jpg", "content": "500g", "price": {"basicPrice": 6.09, "recommendedQuantity": "1.0", "measurementUnitPrice": 12.18, "measurementUnit": "K", "isRedPrice": false, "pricePerUOM": 12.18, "activationDate": "04-09-2025", "recordSource": "Offline", "isPromoActive": "N", "priceChangeCode": "E", "priceReason": "Reaction"}, "isPriceAvailable": true, "channelAvailability": ["8_BE_STORE", "8_LU_STORE", "8_BE_COLLECT_NEXT_DAY", "8_BE_HOME_DELIVERY", "8_BE_HOME_DELIVERY_DRIVER"], "businessDomain": "RETAIL_BE", "isAvailable": true, "inPromo": false, "topCategoryName": "Boulangerie/Petit-d\u00e9jeuner", "topCategoryId": "2554", "categories": [{"name": "Boulangerie/Petit-d\u00e9jeuner", "id": "2554", "children": [{"name": "C\u00e9r\u00e9ales", "id": "2792", "children": [{"name": "Aux fruits", "id": "2798"}]}]}], "IsPrivateLabel": false, "amount": 0.5, "IsBiffe": false, "WeightconversionFactor": "0", "IsWeightArticle": false, "nutriscoreLabel": "D", "IsBio": false, "CountryOfOrigin": "EUROPE", "IsExclusivelySoldInLuxembourg": false, "OrderUnit": "P", "ShortName": "KELL ALL BR.FR.FIBR500G", "InSeason": true, "IsNew": false, "amountUnit": "kg", "CountryOfOriginISO": "EU", "servings": 12.0, "LongName": "KELLOGG'S ALL-BRAN Fruit'n Fibre 500g", "RecentQuanityOfStockUnits": "1,12", "StartSeasonDate": "13/03/2002", "FicCode": "E"}, {"technicalArticleNumber": "15008", "commercialArticleNumber": "15008", "gtin": ["04003994112427", "05053827189439", "04003994603253"], "productId": "38", "description": "*P\u00e9tales de ma\u00efs", "brand": "KELLOGG'S CORN FLAKES", "seoBrand": "Kellogg's Corn Flakes", "thumbNail": "https://static.colruytgroup.com/images/200x200/std.lang.all/79/33/asset-2417933.jpg", "fullImage": "https://static.colruytgroup.com/images/500x500/std.lang.all/79/33/asset-2417933.jpg", "squareImage": "https://static.colruytgroup.com/images/500x500sq/std.lang.all/79/33/asset-2417933.jpg", "content": "750g", "price": {"basicPrice": 3.36, "recommendedQuantity": "1.0", "measurementUnitPrice": 4.48, "measurementUnit": "K", "isRedPrice": false, "pricePerUOM": 4.48, "activationDate": "04-09-2025", "recordSource": "Offline", "isPromoActive": "N", "priceChangeCode": "E", "priceReason": "Reaction"}, "isPriceAvailable": true, "channelAvailability": ["3_BE_STORE", "8_BE_STORE", "8_LU_STORE", "8_BE_COLLECT_NEXT_DAY", "8_BE_HOME_DELIVERY", "8_BE_HOME_DELIVERY_DRIVER"], "businessDomain": "RETAIL_BE", "isAvailable": true, "inPromo": false, "topCategoryName": "Boulangerie/Petit-d\u00e9jeuner", "topCategoryId": "2554", "categories": [{"name": "Boulangerie/Petit-d\u00e9jeuner", "id": "2554", "children": [{"name": "C\u00e9r\u00e9ales", "id": "2792", "children": [{"name": "Flakes/Crispies", "id": "2794"}]}]}], "IsPrivateLabel": false, "amount": 0.75, "IsBiffe": false, "WeightconversionFactor": "0", "IsWeightArticle": false, "nutriscoreLabel": "B", "IsBio": false, "CountryOfOrigin": "EUROPE", "IsExclusivelySoldInLuxembourg": false, "OrderUnit": "P", "ShortName": "KELLOG CORNFLAKES 750GR", "IsNew": false, "amountUnit": "kg", "CountryOfOriginISO": "EU", "servings": 25.0, "LongName": "KELLOGG'S CORN FLAKES 750g", "RecentQuanityOfStockUnits": "1,6", "FicCode": "E"}, {"technicalArticleNumber": "15013", "commercialArticleNumber": "15013", "gtin": ["05050083266553", "05013503533055", "03159470005347"], "productId": "39", "name": "Variety Minipacks 8pc", "description": "*Assortiment: Loops,\nFrosties, Coco Pops,\nHoney Pops, Chocos", "brand": "KELLOGG'S", "seoBrand": "Kellogg's", "thumbNail": "https://static.colruytgroup.com/images/200x200/std.lang.all/39/28/asset-3633928.jpg", "fullImage": "https://static.colruytgroup.com/images/500x500/std.lang.all/39/28/asset-3633928.jpg", "squareImage": "https://static.colruytgroup.com/images/500x500sq/std.lang.all/39/28/asset-3633928.jpg", "content": "220g", "price": {"basicPrice": 2.69, "recommendedQuantity": "1.0", "measurementUnitPrice": 12.23, "measurementUnit": "K", "isRedPrice": false, "pricePerUOM": 12.23, "activationDate": "04-09-2025", "recordSource": "Offline", "isPromoActive": "N", "priceChangeCode": "E", "priceReason": "Reaction"}, "isPriceAvailable": true, "channelAvailability": ["3_BE_STORE", "4_BE_STORE", "8_BE_STORE", "8_LU_STORE", "8_BE_COLLECT_NEXT_DAY", "8_BE_HOME_DELIVERY", "8_BE_HOME_DELIVERY_DRIVER"], "businessDomain": "RETAIL_BE", "isAvailable": true, "inPromo": false, "topCategoryName": "Boulangerie/Petit-d\u00e9jeuner", "topCategoryId": "2554", "categories": [{"name": "Boulangerie/Petit-d\u00e9jeuner", "id": "2554", "children": [{"name": "C\u00e9r\u00e9ales", "id": "2792", "children": [{"name": "C\u00e9r\u00e9ales portions individuelles", "id": "3722"}]}]}], "IsPrivateLabel": false, "amount": 0.22, "IsBiffe": false, "WeightconversionFactor": "0", "IsWeightArticle": false, "nutriscoreLabel": "D", "IsBio": false, "CountryOfOrigin": "EUROPE", "IsExclusivelySoldInLuxembourg": false, "OrderUnit": "P", "ShortName": "KELL MINIS VARI 8 PACK", "IsNew": false, "amountUnit": "kg", "CountryOfOriginISO": "EU", "servings": 8.0, "LongName": "KELLOGG'S Variety Minipacks 8pc 220g", "RecentQuanityOfStockUnits": "1,18", "FicCode": "E"}, {"technicalArticleNumber": "14020", "commercialArticleNumber": "14020", "gtin": ["05410056719118", "05410056010758"], "productId": "62", "name": "pudding powder vanille", "description": "*Pudding \u00e0 cuire\n*A servir chauf ou\nfroid\n*Go\u00fbt vanille\n*Grand format", "brand": "IMPERIAL", "seoBrand": "Imperial", "thumbNail": "https://static.colruytgroup.com/images/200x200/std.lang.all/20/41/asset-1392041.jpg", "fullImage": "https://static.colruytgroup.com/images/500x500/std.lang.all/20/41/asset-1392041.jpg", "squareImage": "https://static.colruytgroup.com/images/500x500sq/std.lang.all/20/41/asset-1392041.jpg", "content": "1kg", "price": {"basicPrice": 6.65, "recommendedQuantity": "1.0", "quantityPrice": 4.65, "quantityPriceQuantity": "3.0", "measurementUnitPrice": 6.65, "measurementUnitQuantityPrice": 4.65, "measurementUnit": "K", "isRedPrice": false, "pricePerUOM": 6.65, "activationDate": "12-09-2025", "recordSource": "Offline", "isPromoActive": "N", "priceChangeCode": "E", "quantityPricePerUOM": 4.65, "quantityActivationDate": "12-09-2025", "quantityPriceChangeCode": "E", "reactPromoConcurrent": true, "priceReason": "Reaction"}, "isPriceAvailable": true, "channelAvailability": ["3_BE_STORE", "8_BE_STORE", "8_LU_STORE", "8_BE_COLLECT_NEXT_DAY", "8_BE_HOME_DELIVERY", "8_BE_HOME_DELIVERY_DRIVER"], "businessDomain": "RETAIL_BE", "isAvailable": true, "inPromo": false, "topCategoryName": "Epicerie", "topCategoryId": "2738", "categories": [{"name": "Epicerie", "id": "2738", "children": [{"name": "Farines/F\u00e9culents/P\u00e2tisserie", "id": "2768", "children": [{"name": "Puddings en poudre", "id": "2770"}]}]}], "IsPrivateLabel": false, "amount": 1.0, "IsBiffe": false, "WeightconversionFactor": "0", "IsWeightArticle": false, "nutriscoreLabel": "C", "IsBio": false, "CountryOfOrigin": "BELGIQUE", "IsExclusivelySoldInLuxembourg": false, "OrderUnit": "P", "ShortName": "IMP PUDDING VANILLE 1 K", "IsNew": false, "amountUnit": "kg", "CountryOfOriginISO": "BE", "ShowAlcoholLegalMsg": false, "LongName": "IMPERIAL pudding powder vanille 1kg", "RecentQuanityOfStockUnits": "1,6", "AlcoholVolume": "0", "FicCode": "E"}, {"technicalArticleNumber": "14100", "commercialArticleNumber": "14100", "gtin": ["05410018713000", "05410231064347", "05410231064323", "05410231063425", "05410231063449"], "productId": "63", "name": "pudding caramel", "description": "Pudding instantan\u00e9, sans cuisson.\nGo\u00fbt de caramel.\nPour 4 portions.", "brand": "DR.OETKER SAROMA", "seoBrand": "Dr.Oetker Saroma", "thumbNail": "https://static.colruytgroup.com/images/200x200/std.lang.all/17/52/asset-3141752.jpg", "fullImage": "https://static.colruytgroup.com/images/500x500/std.lang.all/17/52/asset-3141752.jpg", "squareImage": "https://static.colruytgroup.com/images/500x500sq/std.lang.all/17/52/asset-3141752.jpg", "content": "74g", "price": {"basicPrice": 1.25, "recommendedQuantity": "4.0", "measurementUnitPrice": 16.9, "measurementUnit": "K", "isRedPrice": false, "pricePerUOM": 16.9, "activationDate": "26-07-2025", "isPromoActive": "N", "priceChangeCode": "E", "priceReason": "FALLBACK"}, "isPriceAvailable": true, "channelAvailability": ["3_BE_STORE", "4_BE_STORE", "8_BE_STORE", "8_LU_STORE", "8_BE_COLLECT_NEXT_DAY", "8_BE_HOME_DELIVERY", "8_BE_HOME_DELIVERY_DRIVER"], "businessDomain": "RETAIL_BE", "isAvailable": true, "inPromo": false, "topCategoryName": "Epicerie", "topCategoryId": "2738", "categories": [{"name": "Epicerie", "id": "2738", "children": [{"name": "Farines/F\u00e9culents/P\u00e2tisserie", "id": "2768", "children": [{"name": "Puddings en poudre", "id": "2770"}]}]}], "IsPrivateLabel": false, "amount": 0.074, "IsBiffe": false, "WeightconversionFactor": "0", "IsWeightArticle": false, "nutriscoreLabel": "C", "IsBio": false, "CountryOfOrigin": "BELGIQUE", "IsExclusivelySoldInLuxembourg": false, "OrderUnit": "P", "ShortName": "OETK SAR.PUD CARAM 74G", "IsNew": false, "amountUnit": "kg", "CountryOfOriginISO": "BE", "ShowAlcoholLegalMsg": false, "LongName": "DR.OETKER SAROMA pudding caramel 74g", "RecentQuanityOfStockUnits": "1,4", "AlcoholVolume": "0", "FicCode": "E"}, {"technicalArticleNumber": "14106", "commercialArticleNumber": "14106", "gtin": ["05410231063241", "05410231063227", "08714700028791", "05410231064446", "05410231064422"], "productId": "64", "name": "pudding fraise", "description": "Pudding instantan\u00e9, sans cuisson.\nGo\u00fbt fraises.\nPour 4 portions.", "brand": "DR.OETKER SAROMA", "seoBrand": "Dr.Oetker Saroma", "thumbNail": "https://static.colruytgroup.com/images/200x200/std.lang.all/18/73/asset-3141873.jpg", "fullImage": "https://static.colruytgroup.com/images/500x500/std.lang.all/18/73/asset-3141873.jpg", "squareImage": "https://static.colruytgroup.com/images/500x500sq/std.lang.all/18/73/asset-3141873.jpg", "content": "74g", "price": {"basicPrice": 1.25, "recommendedQuantity": "4.0", "measurementUnitPrice": 16.9, "measurementUnit": "K", "isRedPrice": false, "pricePerUOM": 16.9, "activationDate": "26-07-2025", "isPromoActive": "N", "priceChangeCode": "E", "priceReason": "FALLBACK"}, "isPriceAvailable": true, "channelAvailability": ["3_BE_STORE", "8_BE_STORE", "8_LU_STORE", "8_BE_COLLECT_NEXT_DAY", "8_BE_HOME_DELIVERY", "8_BE_HOME_DELIVERY_DRIVER"], "businessDomain": "RETAIL_BE", "isAvailable": true, "inPromo": false, "topCategoryName": "Epicerie", "topCategoryId": "2738", "categories": [{"name": "Epicerie", "id": "2738", "children": [{"name": "Farines/F\u00e9culents/P\u00e2tisserie", "id": "2768", "children": [{"name": "Puddings en poudre", "id": "2770"}]}]}], "IsPrivateLabel": false, "amount": 0.074, "IsBiffe": false, "WeightconversionFactor": "0", "IsWeightArticle": false, "nutriscoreLabel": "C", "IsBio": false, "CountryOfOrigin": "ALLEMAGNE", "IsExclusivelySoldInLuxembourg": false, "OrderUnit": "P", "ShortName": "OETK SAR.PUD FRAISES74G", "IsNew": false, "amountUnit": "kg", "CountryOfOriginISO": "DE", "ShowAlcoholLegalMsg": false, "LongName": "DR.OETKER SAROMA pudding fraise 74g", "RecentQuanityOfStockUnits": "4,1", "AlcoholVolume": "0", "FicCode": "E"}, {"technicalArticleNumber": "14115", "commercialArticleNumber": "14115", "gtin": ["05410231063647", "05410231063623", "05410231064149", "05410231064125"], "productId": "66", "name": "pudding vanille", "description": "Pudding instantan\u00e9, sans cuisson.\nGo\u00fbt vanille. Pour 4 portions.", "brand": "DR.OETKER SAROMA", "seoBrand": "Dr.Oetker Saroma", "thumbNail": "https://static.colruytgroup.com/images/200x200/std.lang.all/18/72/asset-3141872.jpg", "fullImage": "https://static.colruytgroup.com/images/500x500/std.lang.all/18/72/asset-3141872.jpg", "squareImage": "https://static.colruytgroup.com/images/500x500sq/std.lang.all/18/72/asset-3141872.jpg", "content": "74g", "price": {"basicPrice": 1.19, "recommendedQuantity": "4.0", "measurementUnitPrice": 16.09, "measurementUnit": "K", "isRedPrice": false, "pricePerUOM": 16.09, "activationDate": "26-07-2025", "recordSource": "Offline", "isPromoActive": "N", "priceChangeCode": "E", "priceReason": "Reaction"}, "isPriceAvailable": true, "channelAvailability": ["3_BE_STORE", "4_BE_STORE", "8_BE_STORE", "8_LU_STORE", "8_BE_COLLECT_NEXT_DAY", "8_BE_HOME_DELIVERY", "8_BE_HOME_DELIVERY_DRIVER"], "businessDomain": "RETAIL_BE", "isAvailable": true, "inPromo": false, "topCategoryName": "Epicerie", "topCategoryId": "2738", "categories": [{"name": "Epicerie", "id": "2738", "children": [{"name": "Farines/F\u00e9culents/P\u00e2tisserie", "id": "2768", "children": [{"name": "Puddings en poudre", "id": "2770"}]}]}], "IsPrivateLabel": false, "amount": 0.074, "IsBiffe": false, "WeightconversionFactor": "0", "IsWeightArticle": false, "nutriscoreLabel": "C", "IsBio": false, "CountryOfOrigin": "ALLEMAGNE", "IsExclusivelySoldInLuxembourg": false, "OrderUnit": "P", "ShortName": "OETK SAR.PUD VANIL 74G", "IsNew": false, "amountUnit": "kg", "CountryOfOriginISO": "DE", "ShowAlcoholLegalMsg": false, "LongName": "DR.OETKER SAROMA pudding vanille 74g", "RecentQuanityOfStockUnits": "1,4", "AlcoholVolume": "0", "FicCode": "E"}, {"technicalArticleNumber": "14140", "commercialArticleNumber": "14140", "gtin": ["05410231114127", "05410231048040"], "productId": "67", "name": "mousse fouett\u00e9e sachets", "description": "Mousse fouett\u00e9e. Pour pudding,\np\u00e2tisserie, flan, glace, jus de\nfruits.", "brand": "DR.OETKER", "seoBrand": "Dr.Oetker", "thumbNail": "https://static.colruytgroup.com/images/200x200/std.lang.all/92/79/asset-3209279.jpg", "fullImage": "https://static.colruytgroup.com/images/500x500/std.lang.all/92/79/asset-3209279.jpg", "squareImage": "https://static.colruytgroup.com/images/500x500sq/std.lang.all/92/79/asset-3209279.jpg", "content": "2x35g", "price": {"basicPrice": 2.99, "recommendedQuantity": "1.0", "measurementUnitPrice": 42.72, "measurementUnit": "K", "isRedPrice": false, "pricePerUOM": 42.72, "activationDate": "26-07-2025", "recordSource": "Offline", "isPromoActive": "N", "priceChangeCode": "E", "priceReason": "Reaction"}, "isPriceAvailable": true, "channelAvailability": ["3_BE_STORE", "8_BE_STORE", "8_LU_STORE", "8_BE_COLLECT_NEXT_DAY", "8_BE_HOME_DELIVERY", "8_BE_HOME_DELIVERY_DRIVER"], "businessDomain": "RETAIL_BE", "isAvailable": true, "inPromo": false, "topCategoryName": "Epicerie", "topCategoryId": "2738", "categories": [{"name": "Epicerie", "id": "2738", "children": [{"name": "Farines/F\u00e9culents/P\u00e2tisserie", "id": "2768", "children": [{"name": "Puddings en poudre", "id": "2770"}]}]}], "IsPrivateLabel": false, "amount": 0.07, "IsBiffe": false, "WeightconversionFactor": "0", "IsWeightArticle": false, "nutriscoreLabel": "D", "IsBio": false, "CountryOfOrigin": "PAYS-BAS", "IsExclusivelySoldInLuxembourg": false, "OrderUnit": "P", "ShortName": "OETK MOUSSE FOUET 2X35G", "IsNew": false, "amountUnit": "kg", "CountryOfOriginISO": "NL", "ShowAlcoholLegalMsg": false, "LongName": "DR.OETKER mousse fouett\u00e9e sachets 2x35g", "RecentQuanityOfStockUnits": "1,11", "AlcoholVolume": "0", "FicCode": "E"}, {"technicalArticleNumber": "14155", "commercialArticleNumber": "14155", "gtin": ["04000521141837", "04000521141813"], "productId": "68", "name": "ar\u00f4me amandes", "brand": "DR.OETKER", "seoBrand": "Dr.Oetker", "thumbNail": "https://static.colruytgroup.com/images/200x200/std.lang.all/89/38/asset-388938.jpg", "fullImage": "https://static.colruytgroup.com/images/500x500/std.lang.all/89/38/asset-388938.jpg", "squareImage": "https://static.colruytgroup.com/images/500x500sq/std.lang.all/89/38/asset-388938.jpg", "content": "4x2ml", "price": {"basicPrice": 1.25, "recommendedQuantity": "1.0", "measurementUnitPrice": 156.25, "measurementUnit": "L", "isRedPrice": false, "pricePerUOM": 156.25, "activationDate": "26-07-2025", "recordSource": "Offline", "isPromoActive": "N", "priceChangeCode": "E", "priceReason": "Reaction"}, "isPriceAvailable": true, "channelAvailability": ["3_BE_STORE", "8_BE_STORE", "8_LU_STORE", "8_BE_COLLECT_NEXT_DAY", "8_BE_HOME_DELIVERY", "8_BE_HOME_DELIVERY_DRIVER"], "businessDomain": "RETAIL_BE", "isAvailable": true, "inPromo": false, "topCategoryName": "Epicerie", "topCategoryId": "2738", "categories": [{"name": "Epicerie", "id": "2738", "children": [{"name": "Farines/F\u00e9culents/P\u00e2tisserie", "id": "2768", "children": [{"name": "P\u00e2tisserie/Levure", "id": "2772"}]}]}], "IsPrivateLabel": false, "amount": 0.02, "IsBiffe": false, "WeightconversionFactor": "0", "IsWeightArticle": false, "IsBio": false, "CountryOfOrigin": "ALLEMAGNE", "IsExclusivelySoldInLuxembourg": false, "OrderUnit": "P", "ShortName": "OETK 4X2ML AROME AMANDE", "IsNew": false, "amountUnit": "kg", "CountryOfOriginISO": "DE", "ShowAlcoholLegalMsg": false, "LongName": "DR.OETKER ar\u00f4me amandes 4x2ml", "RecentQuanityOfStockUnits": "1", "AlcoholVolume": "0", "FicCode": "E"}, {"technicalArticleNumber": "14157", "commercialArticleNumber": "14157", "gtin": ["04000521144838", "04000521144814"], "productId": "69", "name": "ar\u00f4me vanille", "brand": "DR.OETKER", "seoBrand": "Dr.Oetker", "thumbNail": "https://static.colruytgroup.com/images/200x200/std.lang.all/68/26/asset-1046826.jpg", "fullImage": "https://static.colruytgroup.com/images/500x500/std.lang.all/68/26/asset-1046826.jpg", "squareImage": "https://static.colruytgroup.com/images/500x500sq/std.lang.all/68/26/asset-1046826.jpg", "content": "4x2ml", "price": {"basicPrice": 1.25, "recommendedQuantity": "1.0", "measurementUnitPrice": 156.25, "measurementUnit": "L", "isRedPrice": false, "pricePerUOM": 156.25, "activationDate": "26-07-2025", "recordSource": "Offline", "isPromoActive": "N", "priceChangeCode": "E", "priceReason": "Reaction"}, "isPriceAvailable": true, "channelAvailability": ["3_BE_STORE", "4_BE_STORE", "8_BE_STORE", "8_LU_STORE", "8_BE_COLLECT_NEXT_DAY", "8_BE_HOME_DELIVERY", "8_BE_HOME_DELIVERY_DRIVER"], "businessDomain": "RETAIL_BE", "isAvailable": true, "inPromo": false, "topCategoryName": "Epicerie", "topCategoryId": "2738", "categories": [{"name": "Epicerie", "id": "2738", "children": [{"name": "Farines/F\u00e9culents/P\u00e2tisserie", "id": "2768", "children": [{"name": "P\u00e2tisserie/Levure", "id": "2772"}]}]}], "IsPrivateLabel": false, "amount": 0.015, "IsBiffe": false, "WeightconversionFactor": "0", "IsWeightArticle": false, "nutriscoreLabel": "C", "IsBio": false, "CountryOfOrigin": "ALLEMAGNE", "IsExclusivelySoldInLuxembourg": false, "OrderUnit": "P", "ShortName": "OETK VANILLE 4X2ML", "IsNew": false, "amountUnit": "kg", "CountryOfOriginISO": "DE", "ShowAlcoholLegalMsg": false, "LongName": "DR.OETKER ar\u00f4me vanille 4x2ml", "RecentQuanityOfStockUnits": "1", "AlcoholVolume": "0", "FicCode": "E"}, {"technicalArticleNumber": "14158", "commercialArticleNumber": "14158", "gtin": ["05410231101127", "05410231030045"], "productId": "70", "name": "sucre vanille", "description": "*Pour p\u00e2tisseries et\ndesserts", "brand": "DR.OETKER", "seoBrand": "Dr.Oetker", "thumbNail": "https://static.colruytgroup.com/images/200x200/std.lang.all/47/02/asset-1244702.jpg", "fullImage": "https://static.colruytgroup.com/images/500x500/std.lang.all/47/02/asset-1244702.jpg", "squareImage": "https://static.colruytgroup.com/images/500x500sq/std.lang.all/47/02/asset-1244702.jpg", "content": "10pc", "price": {"basicPrice": 1.19, "recommendedQuantity": "1.0", "measurementUnitPrice": 14.88, "measurementUnit": "K", "isRedPrice": false, "pricePerUOM": 14.88, "activationDate": "05-09-2025", "recordSource": "Offline", "isPromoActive": "N", "priceChangeCode": "H", "priceReason": "Reaction"}, "isPriceAvailable": true, "channelAvailability": ["3_BE_STORE", "4_BE_STORE", "8_BE_STORE", "8_LU_STORE", "8_BE_COLLECT_NEXT_DAY", "8_BE_HOME_DELIVERY", "8_BE_HOME_DELIVERY_DRIVER"], "businessDomain": "RETAIL_BE", "isAvailable": true, "inPromo": false, "topCategoryName": "Epicerie", "topCategoryId": "2738", "categories": [{"name": "Epicerie", "id": "2738", "children": [{"name": "Farines/F\u00e9culents/P\u00e2tisserie", "id": "2768", "children": [{"name": "P\u00e2tisserie/Levure", "id": "2772"}]}]}], "IsPrivateLabel": false, "amount": 0.08, "IsBiffe": false, "WeightconversionFactor": "0", "IsWeightArticle": false, "nutriscoreLabel": "E", "IsBio": false, "CountryOfOrigin": "FRANCE", "IsExclusivelySoldInLuxembourg": false, "OrderUnit": "P", "ShortName": "OETK SUCRE VANIL.10PC", "IsNew": false, "amountUnit": "kg", "CountryOfOriginISO": "FR", "ShowAlcoholLegalMsg": false, "LongName": "DR.OETKER sucre vanille 10pc", "RecentQuanityOfStockUnits": "1,20", "AlcoholVolume": "0", "FicCode": "E"}, {"technicalArticleNumber": "14162", "commercialArticleNumber": "14162", "gtin": ["05410231102124", "05410231102001"], "productId": "72", "name": "sucre vanille bourbon", "brand": "DR.OETKER", "seoBrand": "Dr.Oetker", "thumbNail": "https://static.colruytgroup.com/images/200x200/std.lang.all/85/77/asset-1118577.jpg", "fullImage": "https://static.colruytgroup.com/images/500x500/std.lang.all/85/77/asset-1118577.jpg", "squareImage": "https://static.colruytgroup.com/images/500x500sq/std.lang.all/85/77/asset-1118577.jpg", "content": "10pc", "price": {"basicPrice": 7.5, "recommendedQuantity": "1.0", "measurementUnitPrice": 93.75, "measurementUnit": "K", "isRedPrice": false, "pricePerUOM": 93.75, "activationDate": "26-07-2025", "recordSource": "Offline", "isPromoActive": "N", "priceChangeCode": "E", "priceReason": "Reaction"}, "isPriceAvailable": true, "channelAvailability": ["3_BE_STORE", "4_BE_STORE", "8_BE_STORE", "8_LU_STORE", "8_BE_COLLECT_NEXT_DAY", "8_BE_HOME_DELIVERY", "8_BE_HOME_DELIVERY_DRIVER"], "businessDomain": "RETAIL_BE", "isAvailable": true, "inPromo": false, "topCategoryName": "Epicerie", "topCategoryId": "2738", "categories": [{"name": "Epicerie", "id": "2738", "children": [{"name": "Farines/F\u00e9culents/P\u00e2tisserie", "id": "2768", "children": [{"name": "P\u00e2tisserie/Levure", "id": "2772"}]}]}], "IsPrivateLabel": false, "amount": 0.08, "IsBiffe": false, "WeightconversionFactor": "0", "IsWeightArticle": false, "nutriscoreLabel": "E", "IsBio": false, "CountryOfOrigin": "FRANCE", "IsExclusivelySoldInLuxembourg": false, "OrderUnit": "P", "ShortName": "OETK SUC VAN BOURB 10 S", "IsNew": false, "amountUnit": "kg", "CountryOfOriginISO": "FR", "ShowAlcoholLegalMsg": false, "LongName": "DR.OETKER sucre vanille bourbon 10pc", "RecentQuanityOfStockUnits": "1", "AlcoholVolume": "0", "FicCode": "E"}, {"technicalArticleNumber": "14202", "commercialArticleNumber": "14202", "gtin": ["15410106018632", "05410106010288"], "productId": "77", "name": "riz jasmin tha\u00ef", "description": "*Sachets cuisson\n*10 minutes", "brand": "BOSTO", "seoBrand": "Bosto", "thumbNail": "https://static.colruytgroup.com/images/200x200/std.lang.all/88/29/asset-1478829.jpg", "fullImage": "https://static.colruytgroup.com/images/500x500/std.lang.all/88/29/asset-1478829.jpg", "squareImage": "https://static.colruytgroup.com/images/500x500sq/std.lang.all/88/29/asset-1478829.jpg", "content": "4x125g", "price": {"basicPrice": 2.5, "recommendedQuantity": "1.0", "measurementUnitPrice": 5.0, "measurementUnit": "K", "isRedPrice": false, "pricePerUOM": 5.0, "activationDate": "04-09-2025", "recordSource": "Offline", "isPromoActive": "N", "priceChangeCode": "H", "priceReason": "Reaction"}, "isPriceAvailable": true, "channelAvailability": ["8_BE_STORE", "8_LU_STORE", "8_BE_COLLECT_NEXT_DAY", "8_BE_HOME_DELIVERY", "8_BE_HOME_DELIVERY_DRIVER"], "businessDomain": "RETAIL_BE", "isAvailable": true, "inPromo": false, "topCategoryName": "Epicerie", "topCategoryId": "2738", "categories": [{"name": "Epicerie", "id": "2738", "children": [{"name": "Riz", "id": "2752", "children": [{"name": "Riz parfum\u00e9 oriental", "id": "2758"}]}]}], "IsPrivateLabel": false, "amount": 0.5, "IsBiffe": false, "IsWeightArticle": false, "WeightconversionFactor": "0", "nutriscoreLabel": "B", "IsBio": false, "CountryOfOrigin": "BELGIQUE", "IsExclusivelySoldInLuxembourg": false, "OrderUnit": "P", "ShortName": "BOSTO S.C. THAI 4X125G", "IsNew": false, "amountUnit": "kg", "CountryOfOriginISO": "BE", "servings": 8.0, "EcoscoreLabel": "E", "ShowAlcoholLegalMsg": false, "LongName": "BOSTO riz jasmin tha\u00ef 4x125g", "RecentQuanityOfStockUnits": "1,16", "AlcoholVolume": "0", "FicCode": "E", "EcoscoreValue": "0"}, {"technicalArticleNumber": "14204", "commercialArticleNumber": "14204", "gtin": ["15410106018427", "05410106010202"], "productId": "78", "name": "riz basmati", "description": "*Sachets cuisson\n*10 minutes", "brand": "BOSTO", "seoBrand": "Bosto", "thumbNail": "https://static.colruytgroup.com/images/200x200/std.lang.all/90/04/asset-1479004.jpg", "fullImage": "https://static.colruytgroup.com/images/500x500/std.lang.all/90/04/asset-1479004.jpg", "squareImage": "https://static.colruytgroup.com/images/500x500sq/std.lang.all/90/04/asset-1479004.jpg", "content": "8x125g", "price": {"basicPrice": 3.35, "recommendedQuantity": "1.0", "measurementUnitPrice": 3.35, "measurementUnit": "K", "isRedPrice": false, "pricePerUOM": 3.35, "activationDate": "04-09-2025", "recordSource": "Offline", "isPromoActive": "N", "priceChangeCode": "H", "priceReason": "Reaction"}, "isPriceAvailable": true, "channelAvailability": ["3_BE_STORE", "4_BE_STORE", "8_BE_STORE", "8_LU_STORE", "8_BE_COLLECT_NEXT_DAY", "8_BE_HOME_DELIVERY", "8_BE_HOME_DELIVERY_DRIVER"], "businessDomain": "RETAIL_BE", "isAvailable": true, "inPromo": false, "topCategoryName": "Epicerie", "topCategoryId": "2738", "categories": [{"name": "Epicerie", "id": "2738", "children": [{"name": "Riz", "id": "2752", "children": [{"name": "Riz parfum\u00e9 oriental", "id": "2758"}]}]}], "IsPrivateLabel": false, "amount": 1.0, "IsBiffe": false, "IsWeightArticle": false, "WeightconversionFactor": "0", "nutriscoreLabel": "B", "IsBio": false, "CountryOfOrigin": "BELGIQUE", "IsExclusivelySoldInLuxembourg": false, "OrderUnit": "P", "ShortName": "BOSTO BASMATI SC 8X125G", "IsNew": false, "amountUnit": "kg", "CountryOfOriginISO": "BE", "servings": 16.0, "EcoscoreLabel": "E", "ShowAlcoholLegalMsg": false, "LongName": "BOSTO riz basmati 8x125g", "RecentQuanityOfStockUnits": "1,12", "AlcoholVolume": "0", "FicCode": "E", "EcoscoreValue": "0"}, {"technicalArticleNumber": "14362", "commercialArticleNumber": "14362", "gtin": ["05410673005441", "05400141172577", "05410673052001", "05410673027573", "05410673005458"], "productId": "86", "name": "riz long grain", "description": "*Sachets cuisson\n*10 minutes", "brand": "BEN'S ORIGINAL", "seoBrand": "Ben's original", "thumbNail": "https://static.colruytgroup.com/images/200x200/std.lang.all/77/42/asset-2537742.jpg", "fullImage": "https://static.colruytgroup.com/images/500x500/std.lang.all/77/42/asset-2537742.jpg", "squareImage": "https://static.colruytgroup.com/images/500x500sq/std.lang.all/77/42/asset-2537742.jpg", "content": "4x125g", "price": {"basicPrice": 1.93, "recommendedQuantity": "1.0", "measurementUnitPrice": 3.86, "measurementUnit": "K", "isRedPrice": false, "pricePerUOM": 3.86, "activationDate": "26-07-2025", "recordSource": "Offline", "isPromoActive": "N", "priceChangeCode": "E", "priceReason": "Reaction"}, "isPriceAvailable": true, "channelAvailability": ["3_BE_STORE", "8_BE_STORE", "8_LU_STORE", "8_BE_COLLECT_NEXT_DAY", "8_BE_HOME_DELIVERY", "8_BE_HOME_DELIVERY_DRIVER"], "businessDomain": "RETAIL_BE", "isAvailable": true, "inPromo": false, "topCategoryName": "Epicerie", "topCategoryId": "2738", "categories": [{"name": "Epicerie", "id": "2738", "children": [{"name": "Riz", "id": "2752", "children": [{"name": "Long grain/parboiled", "id": "2756"}]}]}], "IsPrivateLabel": false, "amount": 0.5, "IsBiffe": false, "WeightconversionFactor": "0", "IsWeightArticle": false, "IsBio": false, "CountryOfOrigin": "BELGIQUE", "IsExclusivelySoldInLuxembourg": false, "OrderUnit": "P", "ShortName": "BEOR 10M.RIZLONG 4X125", "InSeason": true, "IsNew": false, "amountUnit": "kg", "CountryOfOriginISO": "BE", "ShowAlcoholLegalMsg": false, "LongName": "BEN'S ORIGINAL riz long grain 4x125g", "RecentQuanityOfStockUnits": "1,2,12", "AlcoholVolume": "0", "StartSeasonDate": "28/03/2002", "FicCode": "E"}, {"technicalArticleNumber": "14367", "commercialArticleNumber": "14367", "gtin": ["15410106018649", "05410106013012"], "productId": "88", "name": "riz cuisson rapide", "description": "*Sachets cuisson\n*8 minutes", "brand": "BOSTO", "seoBrand": "Bosto", "thumbNail": "https://static.colruytgroup.com/images/200x200/std.lang.all/90/05/asset-1479005.jpg", "fullImage": "https://static.colruytgroup.com/images/500x500/std.lang.all/90/05/asset-1479005.jpg", "squareImage": "https://static.colruytgroup.com/images/500x500sq/std.lang.all/90/05/asset-1479005.jpg", "content": "4x125g", "price": {"basicPrice": 2.29, "recommendedQuantity": "1.0", "measurementUnitPrice": 4.58, "measurementUnit": "K", "isRedPrice": false, "pricePerUOM": 4.58, "activationDate": "04-09-2025", "recordSource": "Offline", "isPromoActive": "N", "priceChangeCode": "H", "priceReason": "Reaction"}, "isPriceAvailable": true, "channelAvailability": ["8_BE_STORE", "8_LU_STORE", "8_BE_COLLECT_NEXT_DAY", "8_BE_HOME_DELIVERY", "8_BE_HOME_DELIVERY_DRIVER"], "businessDomain": "RETAIL_BE", "isAvailable": true, "inPromo": false, "topCategoryName": "Epicerie", "topCategoryId": "2738", "categories": [{"name": "Epicerie", "id": "2738", "children": [{"name": "Riz", "id": "2752", "children": [{"name": "Cuisson rapide", "id": "2754"}]}]}], "IsPrivateLabel": false, "amount": 0.5, "IsBiffe": false, "IsWeightArticle": false, "WeightconversionFactor": "0", "nutriscoreLabel": "B", "IsBio": false, "CountryOfOrigin": "BELGIQUE", "IsExclusivelySoldInLuxembourg": false, "OrderUnit": "P", "InSeason": true, "ShortName": "BOSTO4X125G RIZ CUIS RA", "IsNew": false, "amountUnit": "kg", "CountryOfOriginISO": "BE", "servings": 8.0, "EcoscoreLabel": "E", "ShowAlcoholLegalMsg": false, "LongName": "BOSTO riz cuisson rapide 4x125g", "RecentQuanityOfStockUnits": "1,16", "AlcoholVolume": "0", "StartSeasonDate": "28/12/2001", "FicCode": "E", "EcoscoreValue": "12"}, {"technicalArticleNumber": "14368", "commercialArticleNumber": "14368", "gtin": ["15410106017703", "05410106011001"], "productId": "89", "name": "riz mediterraneo", "description": "*Riz en vrac\n*10 minutes", "brand": "BOSTO", "seoBrand": "Bosto", "thumbNail": "https://static.colruytgroup.com/images/200x200/std.lang.all/51/10/asset-2095110.jpg", "fullImage": "https://static.colruytgroup.com/images/500x500/std.lang.all/51/10/asset-2095110.jpg", "squareImage": "https://static.colruytgroup.com/images/500x500sq/std.lang.all/51/10/asset-2095110.jpg", "content": "500g", "price": {"basicPrice": 2.89, "recommendedQuantity": "1.0", "measurementUnitPrice": 5.78, "measurementUnit": "K", "isRedPrice": false, "pricePerUOM": 5.78, "activationDate": "10-09-2025", "recordSource": "Offline", "isPromoActive": "N", "priceChangeCode": "E", "priceReason": "Reaction"}, "isPriceAvailable": true, "channelAvailability": ["3_BE_STORE", "8_BE_STORE", "8_LU_STORE", "8_BE_COLLECT_NEXT_DAY", "8_BE_HOME_DELIVERY", "8_BE_HOME_DELIVERY_DRIVER"], "businessDomain": "RETAIL_BE", "isAvailable": true, "inPromo": false, "topCategoryName": "Epicerie", "topCategoryId": "2738", "categories": [{"name": "Epicerie", "id": "2738", "children": [{"name": "Riz", "id": "2752", "children": [{"name": "Autres riz", "id": "2762"}]}]}], "IsPrivateLabel": false, "amount": 0.5, "IsBiffe": false, "WeightconversionFactor": "0", "IsWeightArticle": false, "nutriscoreLabel": "A", "IsBio": false, "CountryOfOrigin": "BELGIQUE", "IsExclusivelySoldInLuxembourg": false, "OrderUnit": "P", "ShortName": "BOSTO MEDITERRANEO 500G", "IsNew": false, "amountUnit": "kg", "CountryOfOriginISO": "BE", "EcoscoreLabel": "A", "ShowAlcoholLegalMsg": false, "LongName": "BOSTO riz mediterraneo 500g", "RecentQuanityOfStockUnits": "1,10", "AlcoholVolume": "0", "FicCode": "E", "EcoscoreValue": "100"}, {"technicalArticleNumber": "14369", "commercialArticleNumber": "14369", "gtin": ["15410106018441", "05410106013104"], "productId": "90", "name": "riz cuisson rapide", "description": "*Sachets cuisson\n*8 minutes", "brand": "BOSTO", "seoBrand": "Bosto", "thumbNail": "https://static.colruytgroup.com/images/200x200/std.lang.all/90/06/asset-1479006.jpg", "fullImage": "https://static.colruytgroup.com/images/500x500/std.lang.all/90/06/asset-1479006.jpg", "squareImage": "https://static.colruytgroup.com/images/500x500sq/std.lang.all/90/06/asset-1479006.jpg", "content": "8x125g", "price": {"basicPrice": 4.19, "recommendedQuantity": "1.0", "measurementUnitPrice": 4.19, "measurementUnit": "K", "isRedPrice": false, "pricePerUOM": 4.19, "activationDate": "04-09-2025", "recordSource": "Offline", "isPromoActive": "N", "priceChangeCode": "H", "priceReason": "Reaction"}, "isPriceAvailable": true, "channelAvailability": ["3_BE_STORE", "8_BE_STORE", "8_LU_STORE", "8_BE_COLLECT_NEXT_DAY", "8_BE_HOME_DELIVERY", "8_BE_HOME_DELIVERY_DRIVER"], "businessDomain": "RETAIL_BE", "isAvailable": true, "inPromo": false, "topCategoryName": "Epicerie", "topCategoryId": "2738", "categories": [{"name": "Epicerie", "id": "2738", "children": [{"name": "Riz", "id": "2752", "children": [{"name": "Cuisson rapide", "id": "2754"}]}]}], "IsPrivateLabel": false, "amount": 1.0, "IsBiffe": false, "IsWeightArticle": false, "WeightconversionFactor": "0", "nutriscoreLabel": "B", "IsBio": false, "CountryOfOrigin": "BELGIQUE", "IsExclusivelySoldInLuxembourg": false, "OrderUnit": "P", "ShortName": "BOSTO CUISS.RAP.8 X125G", "IsNew": false, "amountUnit": "kg", "CountryOfOriginISO": "BE", "servings": 16.0, "EcoscoreLabel": "E", "ShowAlcoholLegalMsg": false, "LongName": "BOSTO riz cuisson rapide 8x125g", "RecentQuanityOfStockUnits": "1,12", "AlcoholVolume": "0", "FicCode": "E", "EcoscoreValue": "12"}, {"technicalArticleNumber": "14381", "commercialArticleNumber": "14381", "gtin": ["05410673005137", "05410673005144", "05410673005427", "45400141285848", "05410673724021", "05410673059000", "25400141791772"], "productId": "92", "name": "riz complet", "description": "*Sachets cuisson\n*12 minutes", "brand": "BEN'S ORIGINAL", "seoBrand": "Ben's original", "thumbNail": "https://static.colruytgroup.com/images/200x200/std.lang.all/63/20/asset-3916320.jpg", "fullImage": "https://static.colruytgroup.com/images/500x500/std.lang.all/63/20/asset-3916320.jpg", "squareImage": "https://static.colruytgroup.com/images/500x500sq/std.lang.all/63/20/asset-3916320.jpg", "content": "4x125g", "price": {"basicPrice": 3.29, "recommendedQuantity": "1.0", "measurementUnitPrice": 6.58, "measurementUnit": "K", "isRedPrice": false, "pricePerUOM": 6.58, "activationDate": "26-07-2025", "recordSource": "Offline", "isPromoActive": "N", "priceChangeCode": "E", "priceReason": "Reaction"}, "isPriceAvailable": true, "channelAvailability": ["3_BE_STORE", "8_BE_STORE", "8_LU_STORE", "8_BE_COLLECT_NEXT_DAY", "8_BE_HOME_DELIVERY", "8_BE_HOME_DELIVERY_DRIVER"], "businessDomain": "RETAIL_BE", "isAvailable": true, "inPromo": false, "topCategoryName": "Epicerie", "topCategoryId": "2738", "categories": [{"name": "Epicerie", "id": "2738", "children": [{"name": "Riz", "id": "2752", "children": [{"name": "Riz brun/complet", "id": "2760"}]}]}], "IsPrivateLabel": false, "amount": 0.5, "IsBiffe": false, "WeightconversionFactor": "0", "IsWeightArticle": false, "IsBio": false, "CountryOfOrigin": "BELGIQUE", "IsExclusivelySoldInLuxembourg": false, "OrderUnit": "P", "ShortName": "BEOR RIZ COMPL.4X125", "InSeason": true, "IsNew": false, "amountUnit": "kg", "CountryOfOriginISO": "BE", "servings": 8.0, "ShowAlcoholLegalMsg": false, "LongName": "BEN'S ORIGINAL riz complet 4x125g", "RecentQuanityOfStockUnits": "2,1", "AlcoholVolume": "0", "StartSeasonDate": "31/03/2014", "FicCode": "E"}, {"technicalArticleNumber": "14382", "commercialArticleNumber": "14382", "gtin": ["15410106018410", "05410106010127"], "productId": "93", "name": "riz Brown complet", "description": "*Sachets cuisson\n*20-25 minutes", "brand": "BOSTO", "seoBrand": "Bosto", "thumbNail": "https://static.colruytgroup.com/images/200x200/std.lang.all/46/39/asset-2694639.jpg", "fullImage": "https://static.colruytgroup.com/images/500x500/std.lang.all/46/39/asset-2694639.jpg", "squareImage": "https://static.colruytgroup.com/images/500x500sq/std.lang.all/46/39/asset-2694639.jpg", "content": "8x125g", "price": {"basicPrice": 4.7, "recommendedQuantity": "1.0", "measurementUnitPrice": 4.7, "measurementUnit": "K", "isRedPrice": false, "pricePerUOM": 4.7, "activationDate": "04-09-2025", "recordSource": "Offline", "isPromoActive": "N", "priceChangeCode": "H", "priceReason": "Reaction"}, "isPriceAvailable": true, "channelAvailability": ["3_BE_STORE", "8_BE_STORE", "8_LU_STORE", "8_BE_COLLECT_NEXT_DAY", "8_BE_HOME_DELIVERY", "8_BE_HOME_DELIVERY_DRIVER"], "businessDomain": "RETAIL_BE", "isAvailable": true, "inPromo": false, "topCategoryName": "Epicerie", "topCategoryId": "2738", "categories": [{"name": "Epicerie", "id": "2738", "children": [{"name": "Riz", "id": "2752", "children": [{"name": "Riz brun/complet", "id": "2760"}]}]}], "IsPrivateLabel": false, "amount": 1.0, "IsBiffe": false, "IsWeightArticle": false, "WeightconversionFactor": "0", "nutriscoreLabel": "A", "IsBio": false, "CountryOfOrigin": "BELGIQUE", "IsExclusivelySoldInLuxembourg": false, "OrderUnit": "P", "InSeason": true, "ShortName": "BOSTO BROWN KB 8X125 GR", "IsNew": false, "amountUnit": "kg", "CountryOfOriginISO": "BE", "servings": 16.0, "EcoscoreLabel": "E", "ShowAlcoholLegalMsg": false, "LongName": "BOSTO riz Brown complet 8x125g", "RecentQuanityOfStockUnits": "1,12", "AlcoholVolume": "0", "StartSeasonDate": "28/12/2001", "FicCode": "E", "EcoscoreValue": "12"}, {"technicalArticleNumber": "14501", "commercialArticleNumber": "14501", "gtin": ["05400141043440", "15400141972990", "05400141145014", "15400141656333", "05400141768565", "15400141768562"], "productId": "95", "name": "Spirelli", "description": "*7 minutes", "brand": "EVERYDAY", "seoBrand": "Everyday", "thumbNail": "https://static.colruytgroup.com/images/200x200/std.lang.all/89/98/asset-3768998.jpg", "fullImage": "https://static.colruytgroup.com/images/500x500/std.lang.all/89/98/asset-3768998.jpg", "squareImage": "https://static.colruytgroup.com/images/500x500sq/std.lang.all/89/98/asset-3768998.jpg", "content": "500g", "price": {"basicPrice": 0.56, "recommendedQuantity": "1.0", "measurementUnitPrice": 1.12, "measurementUnit": "K", "isRedPrice": false, "pricePerUOM": 1.12, "activationDate": "03-09-2025", "recordSource": "Offline", "isPromoActive": "N", "priceChangeCode": "L", "priceReason": "Reaction"}, "isPriceAvailable": true, "channelAvailability": ["3_BE_STORE", "4_BE_STORE", "8_BE_STORE", "8_LU_STORE", "8_BE_COLLECT_NEXT_DAY", "8_BE_HOME_DELIVERY", "8_BE_HOME_DELIVERY_DRIVER"], "businessDomain": "RETAIL_BE", "isAvailable": true, "inPromo": false, "topCategoryName": "Epicerie", "topCategoryId": "2738", "categories": [{"name": "Epicerie", "id": "2738", "children": [{"name": "P\u00e2tes", "id": "2740", "children": [{"name": "Spirellis/Lasagne", "id": "2746"}]}]}], "IsPrivateLabel": true, "amount": 0.5, "IsBiffe": false, "WeightconversionFactor": "0", "IsWeightArticle": false, "nutriscoreLabel": "A", "IsBio": false, "CountryOfOrigin": "ITALIE", "IsExclusivelySoldInLuxembourg": false, "OrderUnit": "P", "ShortName": "EVD SPIRELLI 500GR", "IsNew": false, "amountUnit": "kg", "CountryOfOriginISO": "IT", "EcoscoreLabel": "A", "ShowAlcoholLegalMsg": false, "LongName": "EVERYDAY Spirelli 500g", "RecentQuanityOfStockUnits": "1,16", "AlcoholVolume": "0", "FicCode": "I", "EcoscoreValue": "96"}], "facets": {"brand": [{"name": "'T VLIERBOS", "count": 2}, {"name": "7UP", "count": 3}, {"name": "8.6", "count": 2}, {"name": "A.BICHOT", "count": 3}, {"name": "A.VOGEL", "count": 1}, {"name": "A.VOGEL BAMBU", "count": 1}, {"name": "A.VOGEL MOLKOSAN", "count": 1}, {"name": "AA DRINK", "count": 2}, {"name": "AARTS", "count": 1}, {"name": "ABERFELDY", "count": 1}, {"name": "ABSOLUT", "count": 2}, {"name": "ACAPULCO", "count": 1}, {"name": "ACE", "count": 1}, {"name": "ACTIMEL", "count": 8}, {"name": "ACTIVE O2", "count": 4}, {"name": "ACTIVIA", "count": 17}, {"name": "ADVENTUROS", "count": 6}, {"name": "AFFLIGEM", "count": 1}, {"name": "AGIPA", "count": 3}, {"name": "AGROMONTE", "count": 2}, {"name": "AGUACANA", "count": 1}, {"name": "AGUSTSON", "count": 1}, {"name": "AIKI", "count": 15}, {"name": "AIR WICK", "count": 16}, {"name": "AIR WICK PURE", "count": 3}, {"name": "AJAX", "count": 12}, {"name": "AL'FEZ", "count": 3}, {"name": "ALFRIO", "count": 1}, {"name": "ALIBI", "count": 1}, {"name": "ALISA'S COOKIES", "count": 3}, {"name": "ALLURE", "count": 3}, {"name": "ALMDUDLER", "count": 1}, {"name": "ALMO NATURE", "count": 19}, {"name": "ALPECIN", "count": 2}, {"name": "ALPRO", "count": 56}, {"name": "ALTALAND", "count": 2}, {"name": "ALVALLE", "count": 1}, {"name": "ALWAYS", "count": 16}, {"name": "ALWAYS DISCREET", "count": 7}, {"name": "ALWAYS MAXI", "count": 3}, {"name": "AMBI PUR", "count": 2}, {"name": "AMEFA", "count": 3}, {"name": "AMERGUINHA", "count": 1}, {"name": "AMORA", "count": 2}, {"name": "AMORE NUTS", "count": 1}, {"name": "AMURO", "count": 2}, {"name": "AMUSE", "count": 4}, {"name": "ANA LUZ", "count": 1}, {"name": "ANCO", "count": 6}, {"name": "ANGELO", "count": 1}, {"name": "ANTIKAL", "count": 4}, {"name": "AOSTE", "count": 9}, {"name": "AOSTE PLUS", "count": 2}, {"name": "APEROL", "count": 2}, {"name": "APEROL SPRITZ", "count": 1}, {"name": "APETINA", "count": 1}, {"name": "APPASSIMENTO", "count": 1}, {"name": "APPELSIENTJE", "count": 3}, {"name": "APPLETISER", "count": 1}, {"name": "APPLETON ESTATE", "count": 1}, {"name": "AP\u00c9RICUBE", "count": 2}, {"name": "AP\u00c9RIFRAIS", "count": 1}, {"name": "AQUAFRESH", "count": 1}, {"name": "AQUARIUS", "count": 6}, {"name": "ARBRE MAGIQUE", "count": 4}, {"name": "ARDUENNA", "count": 1}, {"name": "ARIEL", "count": 9}, {"name": "ARISTO", "count": 1}, {"name": "ARIZONA", "count": 2}, {"name": "ARLA", "count": 3}, {"name": "ARRAN", "count": 1}, {"name": "ART OF POTATOES", "count": 1}, {"name": "ART. PARTISANS", "count": 8}, {"name": "ARTHUR METZ", "count": 1}, {"name": "ARTLINE", "count": 2}, {"name": "ASTRIO", "count": 1}, {"name": "AST\u00c9RIX", "count": 1}, {"name": "ATHENA", "count": 8}, {"name": "ATOMA", "count": 5}, {"name": "AUBEL", "count": 3}, {"name": "AUCHENTOSHAN", "count": 1}, {"name": "AURORA", "count": 3}, {"name": "AVENT", "count": 12}, {"name": "AVERNA", "count": 1}, {"name": "AXE", "count": 16}, {"name": "A\u00cfKI", "count": 5}, {"name": "B&J", "count": 8}, {"name": "B-MAGNUM", "count": 1}, {"name": "BABYBEL", "count": 1}, {"name": "BABYBIO", "count": 1}, {"name": "BACARD\u00cd", "count": 7}, {"name": "BACIO DELLA LUNA", "count": 2}, {"name": "BAGLIETTI", "count": 1}, {"name": "BAHLSEN", "count": 16}, {"name": "BAILEYS", "count": 2}, {"name": "BALADE", "count": 12}, {"name": "BALADE SO LIGHT", "count": 3}, {"name": "BALCONI", "count": 5}, {"name": "BALISTO", "count": 2}, {"name": "BALLANTINE'S", "count": 1}, {"name": "BALOCCO", "count": 4}, {"name": "BAMBIX", "count": 10}, {"name": "BARBAR", "count": 1}, {"name": "BAREBELLS", "count": 12}, {"name": "BARILLA", "count": 22}, {"name": "BARILLA COLLEZIONE", "count": 4}, {"name": "BARILLA PICCOLINI", "count": 1}, {"name": "BATTELIEK", "count": 1}, {"name": "BATTIN", "count": 11}, {"name": "BAUER", "count": 10}, {"name": "BAYERNLAND", "count": 1}, {"name": "BAYGON", "count": 6}, {"name": "BE-KIND", "count": 2}, {"name": "BEAUMES DE VENISE", "count": 2}, {"name": "BEBIO", "count": 5}, {"name": "BECEL", "count": 7}, {"name": "BECEL PROACTIV", "count": 2}, {"name": "BECKERICH", "count": 2}, {"name": "BECKERS", "count": 1}, {"name": "BEEMSTER", "count": 2}, {"name": "BEIRANOVA", "count": 3}, {"name": "BEL'SARA", "count": 1}, {"name": "BELGIUM PEAK BEER", "count": 2}, {"name": "BELTION", "count": 2}, {"name": "BELVEDERE", "count": 2}, {"name": "BELVIVA", "count": 9}, {"name": "BEN'S ORIGINAL", "count": 16}, {"name": "BENECOL", "count": 1}, {"name": "BEPANTHEN", "count": 6}, {"name": "BERETTA", "count": 4}, {"name": "BERNARD MASSARD", "count": 12}, {"name": "BERNARD-MASSARD", "count": 7}, {"name": "BERNE", "count": 3}, {"name": "BERTOLLI", "count": 8}, {"name": "BESANA", "count": 10}, {"name": "BETTERFOOD", "count": 1}, {"name": "BEYBLADE", "count": 1}, {"name": "BIAFORM", "count": 3}, {"name": "BIC", "count": 26}, {"name": "BICKY", "count": 2}, {"name": "BIEN-ETRE", "count": 2}, {"name": "BIEZE", "count": 2}, {"name": "BIFI", "count": 3}, {"name": "BIG TOM", "count": 1}, {"name": "BILLY'S FARM", "count": 1}, {"name": "BIOFERME", "count": 1}, {"name": "BIOG", "count": 8}, {"name": "BIOITALIA", "count": 1}, {"name": "BIONA", "count": 1}, {"name": "BIORGANICA", "count": 2}, {"name": "BIOVER", "count": 37}, {"name": "BIP", "count": 1}, {"name": "BIRRA MORETTI", "count": 1}, {"name": "BISCOVIT", "count": 1}, {"name": "BISETTI", "count": 1}, {"name": "BISON", "count": 5}, {"name": "BISQUIT DUBOUCH\u00c9", "count": 1}, {"name": "BISSON", "count": 1}, {"name": "BISTER", "count": 6}, {"name": "BITBURGER", "count": 2}, {"name": "BITESWELOVE", "count": 2}, {"name": "BI\u00c8RE DES AMIS", "count": 3}, {"name": "BLAN", "count": 1}, {"name": "BLANC DE BOEUF", "count": 1}, {"name": "BLANCHE DE NAMUR", "count": 1}, {"name": "BLEU D'ARGENT", "count": 1}, {"name": "BLEU D'AUVERGNE", "count": 1}, {"name": "BLUE DRAGON", "count": 5}, {"name": "BLYGEDACHT", "count": 1}, {"name": "BN", "count": 3}, {"name": "BN MINI", "count": 2}, {"name": "BOB SNAIL", "count": 3}, {"name": "BOERINNEKE", "count": 5}, {"name": "BOERKENS'", "count": 2}, {"name": "BOFFERDING", "count": 4}, {"name": "BOGRAIN", "count": 4}, {"name": "BOLSIUS", "count": 14}, {"name": "BOM AMIGO", "count": 3}, {"name": "BOMBAY", "count": 3}, {"name": "BOMBAY SAPPHIRE", "count": 2}, {"name": "BOMBUS", "count": 1}, {"name": "BON APPETIT", "count": 1}, {"name": "BON SECOURS", "count": 1}, {"name": "BONDUELLE", "count": 21}, {"name": "BONGIORNO", "count": 2}, {"name": "BONI", "count": 1880}, {"name": "BONI BIO", "count": 175}, {"name": "BONI ECO", "count": 13}, {"name": "BONI PLAN'T", "count": 83}, {"name": "BONMUSH", "count": 1}, {"name": "BONNE MAMAN", "count": 8}, {"name": "BONUX", "count": 1}, {"name": "BORGES", "count": 1}, {"name": "BORGO CASALE", "count": 1}, {"name": "BOROTALCO", "count": 6}, {"name": "BOSPHORUS", "count": 1}, {"name": "BOSS", "count": 2}, {"name": "BOSTO", "count": 23}, {"name": "BOUNTY", "count": 1}, {"name": "BOURAZA", "count": 1}, {"name": "BOURSIN", "count": 10}, {"name": "BOURSIN CUISINE", "count": 2}, {"name": "BRABANTIA", "count": 19}, {"name": "BRANCA DE NEVE", "count": 1}, {"name": "BRAZZALE", "count": 1}, {"name": "BREAKER", "count": 2}, {"name": "BREF", "count": 22}, {"name": "BRIE DE MEAUX", "count": 1}, {"name": "BRINDOLIVE", "count": 1}, {"name": "BRITA", "count": 15}, {"name": "BROOD VAN SOMA", "count": 1}, {"name": "BROTHER", "count": 21}, {"name": "BRU", "count": 2}, {"name": "BRUGGE", "count": 9}, {"name": "BRUGGE D'OR", "count": 1}, {"name": "BRUGGEMAN", "count": 3}, {"name": "BUBBLE GO", "count": 2}, {"name": "BUBBLICIOUS", "count": 1}, {"name": "BUD", "count": 1}, {"name": "BUFF", "count": 1}, {"name": "BUITEMAN", "count": 1}, {"name": "BULLDOG", "count": 1}, {"name": "BUMBU", "count": 2}, {"name": "BUNDABERG", "count": 1}, {"name": "BUR-O-CLASS", "count": 1}, {"name": "BUSH", "count": 4}, {"name": "BUSTERS", "count": 4}, {"name": "BUTTER BISCUITS", "count": 1}, {"name": "BUTTERFLY", "count": 2}, {"name": "BY XLS", "count": 1}, {"name": "B\u00d6KLUNDER", "count": 1}, {"name": "C BY CABRIZ", "count": 3}, {"name": "CABERNET D'ANJOU", "count": 1}, {"name": "CABE\u00c7A DE TOIRO", "count": 3}, {"name": "CACAROLA", "count": 10}, {"name": "CALCIMED", "count": 1}, {"name": "CALEM", "count": 1}, {"name": "CALGON", "count": 4}, {"name": "CALLEBAUT", "count": 5}, {"name": "CALV\u00c9", "count": 4}, {"name": "CAM. SACRAMENTO", "count": 1}, {"name": "CAMARGUE", "count": 1}, {"name": "CAMBOZOLA", "count": 1}, {"name": "CAMEMBERT", "count": 1}, {"name": "CAMILLE", "count": 4}, {"name": "CAMINO REAL", "count": 1}, {"name": "CAMPAGNE DE FRANCE", "count": 1}, {"name": "CAMPARI", "count": 1}, {"name": "CAMPINA", "count": 14}, {"name": "CANADA DRY", "count": 1}, {"name": "CANARD", "count": 7}, {"name": "CANDEREL", "count": 8}, {"name": "CANDICO", "count": 5}, {"name": "CANON", "count": 38}, {"name": "CANTINA DI NEGRAR", "count": 1}, {"name": "CANTINA DI ORA", "count": 1}, {"name": "CAOL ILA", "count": 1}, {"name": "CAPATAZ", "count": 1}, {"name": "CAPRI-SUN", "count": 4}, {"name": "CAPRICE DES DIEUX", "count": 1}, {"name": "CAPTAIN MORGAN", "count": 6}, {"name": "CARA", "count": 8}, {"name": "CAREFREE", "count": 6}, {"name": "CARIOCA", "count": 6}, {"name": "CARLIER", "count": 2}, {"name": "CARLSBERG", "count": 3}, {"name": "CARLSBOURG", "count": 8}, {"name": "CAROLIN", "count": 12}, {"name": "CARS", "count": 1}, {"name": "CARTE D'OR", "count": 1}, {"name": "CASA FIRELLI", "count": 2}, {"name": "CASA MAYOR", "count": 1}, {"name": "CASAL GARCIA", "count": 3}, {"name": "CASAL MENDES", "count": 1}, {"name": "CASTELLO", "count": 1}, {"name": "CASTLE ICE", "count": 1}, {"name": "CAT", "count": 1}, {"name": "CATERPILLAR", "count": 2}, {"name": "CATISFACTIONS", "count": 8}, {"name": "CATSAN", "count": 1}, {"name": "CAVE CH.CH\u00c9NAS", "count": 1}, {"name": "CELEBRATIONS", "count": 1}, {"name": "CEREAL", "count": 3}, {"name": "CEREBOS", "count": 1}, {"name": "CESAR", "count": 5}, {"name": "CH PELLOT", "count": 1}, {"name": "CH TOUR MAILLET", "count": 1}, {"name": "CH. COMMANDERIE", "count": 1}, {"name": "CH. DE FRANCS", "count": 1}, {"name": "CH. EDMOND FON.", "count": 1}, {"name": "CH. GIGAULT", "count": 1}, {"name": "CH. PARENCH\u00c8RE", "count": 1}, {"name": "CH.CROIX ST-ANNE", "count": 1}, {"name": "CH.DE RESPIDE", "count": 1}, {"name": "CH.FINES ROCHES", "count": 1}, {"name": "CH.LA BERN\u00c8DE GP", "count": 1}, {"name": "CH.LAROSE TRINTAUDON", "count": 2}, {"name": "CH.LOGIS SIPIAN", "count": 1}, {"name": "CH.MARGUERITE", "count": 1}, {"name": "CH.TAUREAU", "count": 2}, {"name": "CH.VAUGELAS", "count": 1}, {"name": "CH.VILLADI\u00c8RE", "count": 1}, {"name": "CHACON", "count": 10}, {"name": "CHALET", "count": 1}, {"name": "CHAMOIS D'OR", "count": 1}, {"name": "CHAMP MURAILLES", "count": 1}, {"name": "CHAMPAGNE MONTAUDON", "count": 2}, {"name": "CHANFLOR", "count": 1}, {"name": "CHARLES LI\u00c9GEOIS", "count": 1}, {"name": "CHATAR", "count": 3}, {"name": "CHAUMES", "count": 3}, {"name": "CHAUSS\u00c9E AUX MOINES", "count": 1}, {"name": "CHAVROUX", "count": 4}, {"name": "CHEETOS", "count": 1}, {"name": "CHEMINETT", "count": 1}, {"name": "CHERRY ROCHER", "count": 1}, {"name": "CHEVALIER NO\u00cbL", "count": 2}, {"name": "CHEZ BACANO", "count": 1}, {"name": "CHIMAY", "count": 2}, {"name": "CHIVAS REGAL", "count": 2}, {"name": "CHOCO FUN", "count": 4}, {"name": "CHOCOVIT", "count": 1}, {"name": "CHOKOTOFF", "count": 2}, {"name": "CHOUFFE", "count": 6}, {"name": "CHUPA CHUPS", "count": 3}, {"name": "CH\u00c2TEAU COUFRAN", "count": 2}, {"name": "CH\u00c2TEAU CRILLON", "count": 1}, {"name": "CH\u00c2TEAU DE VALMER", "count": 1}, {"name": "CH\u00c2TEAU LESTAGE", "count": 1}, {"name": "CH\u00c2TEAUDESJAUME", "count": 1}, {"name": "CIF", "count": 2}, {"name": "CILLIT BANG", "count": 2}, {"name": "CINZANO", "count": 2}, {"name": "CIRIO", "count": 4}, {"name": "CLAUDIO QUARTA", "count": 1}, {"name": "CLAUSEL", "count": 2}, {"name": "CLAUSTHALER", "count": 3}, {"name": "CLEAN MATE", "count": 1}, {"name": "CLEARASIL", "count": 1}, {"name": "CLEVERWATER", "count": 1}, {"name": "CLIPPER", "count": 7}, {"name": "CLOS GRANGENEUVE", "count": 1}, {"name": "CLOS JANGLI", "count": 8}, {"name": "COBOLUX", "count": 9}, {"name": "COCA-COLA", "count": 22}, {"name": "COCAGNE", "count": 4}, {"name": "COCKBURN'S", "count": 10}, {"name": "CODICE VINO", "count": 1}, {"name": "COELHO & DIAS", "count": 2}, {"name": "COERTJENS", "count": 1}, {"name": "COINTREAU", "count": 2}, {"name": "COLGATE", "count": 3}, {"name": "COLGATE MAX WHITE", "count": 2}, {"name": "COLGATE TOTAL", "count": 1}, {"name": "COLORES SANTOS", "count": 2}, {"name": "COLRUYT", "count": 50}, {"name": "COME A CASA", "count": 7}, {"name": "COMPAL", "count": 14}, {"name": "COMPEED", "count": 4}, {"name": "COMPO", "count": 2}, {"name": "COMTE DE BREDIMUS", "count": 1}, {"name": "COMTESSE DE GRAMONT", "count": 2}, {"name": "CONSERVE DELLA NONNA", "count": 1}, {"name": "CONTREX", "count": 2}, {"name": "CORAL", "count": 2}, {"name": "CORDILLERA", "count": 2}, {"name": "COREGA", "count": 5}, {"name": "CORICELLI", "count": 5}, {"name": "CORINE DE FARME", "count": 3}, {"name": "CORNET", "count": 4}, {"name": "CORNETTO", "count": 4}, {"name": "CORNY", "count": 2}, {"name": "CORONA", "count": 5}, {"name": "CORSENDONK", "count": 1}, {"name": "COSY MOMENTS", "count": 1}, {"name": "COSY&TRENDY", "count": 1}, {"name": "COSYNEL", "count": 1}, {"name": "COTE D'OR", "count": 9}, {"name": "COURVOISIER", "count": 1}, {"name": "CREST", "count": 1}, {"name": "CRICKET", "count": 2}, {"name": "CRISTALINE", "count": 7}, {"name": "CROC ODOR", "count": 1}, {"name": "CROCO", "count": 1}, {"name": "CRODINO", "count": 2}, {"name": "CROFT", "count": 1}, {"name": "CROKY", "count": 18}, {"name": "CROUSTI SALAD", "count": 1}, {"name": "CRROXX", "count": 1}, {"name": "CRUIDOCE", "count": 5}, {"name": "CRUMBEL", "count": 12}, {"name": "CURCUCRAN", "count": 1}, {"name": "CURCUMED", "count": 1}, {"name": "CURCUMEXTRA", "count": 1}, {"name": "CURTIUS", "count": 2}, {"name": "CUV\u00c9E DES TROLLS", "count": 3}, {"name": "CYNAR", "count": 1}, {"name": "C\u00c9C\u00c9MEL", "count": 10}, {"name": "C\u00c9R\u00c9AL", "count": 20}, {"name": "C\u00c9R\u00c9AL GLUCOREGUL", "count": 1}, {"name": "C\u00d4TE D'OR", "count": 57}, {"name": "D'FAIR MELLECH", "count": 9}, {"name": "D'FAIR M\u00cbLLECH", "count": 2}, {"name": "D'OR", "count": 1}, {"name": "DALLAGIOVANNA", "count": 1}, {"name": "DALLMAYR", "count": 2}, {"name": "DALOPLAST", "count": 2}, {"name": "DANATEL", "count": 1}, {"name": "DANETTE", "count": 11}, {"name": "DANIO", "count": 9}, {"name": "DANLERS", "count": 2}, {"name": "DANONE", "count": 14}, {"name": "DANONINO", "count": 3}, {"name": "DARI", "count": 2}, {"name": "DASH", "count": 15}, {"name": "DAVITAMON", "count": 9}, {"name": "DBP", "count": 7}, {"name": "DE BEUKELAER", "count": 1}, {"name": "DE HOBBIT", "count": 1}, {"name": "DE MOERENAAR", "count": 3}, {"name": "DEBIC", "count": 3}, {"name": "DEL MONTE", "count": 13}, {"name": "DEL MONTE GOLD", "count": 1}, {"name": "DEL. DI CALABRIA", "count": 1}, {"name": "DELACRE", "count": 14}, {"name": "DELI DI PAOLO", "count": 2}, {"name": "DELI REFORM", "count": 1}, {"name": "DELIMELO", "count": 1}, {"name": "DELIRIO", "count": 1}, {"name": "DELIRIUM", "count": 1}, {"name": "DELIRIUM TREMENS", "count": 1}, {"name": "DELIZIOSA", "count": 1}, {"name": "DELTA", "count": 15}, {"name": "DELTA Q", "count": 1}, {"name": "DELY", "count": 1}, {"name": "DEMAK'UP", "count": 3}, {"name": "DEN OUDEN ADVOKAAT", "count": 2}, {"name": "DENIM", "count": 1}, {"name": "DENTALIFE", "count": 4}, {"name": "DESPERADOS", "count": 2}, {"name": "DESTOP", "count": 7}, {"name": "DESTOP TURBO", "count": 1}, {"name": "DETTOL", "count": 11}, {"name": "DEVOS LEMMENS", "count": 49}, {"name": "DEXTRO ENERGY", "count": 2}, {"name": "DIADERMINE", "count": 19}, {"name": "DIDDEN", "count": 2}, {"name": "DIEKIRCH", "count": 13}, {"name": "DILEA ZERO LACTOSE", "count": 4}, {"name": "DIM", "count": 70}, {"name": "DINOSAURUS", "count": 5}, {"name": "DIPLOMATICO", "count": 2}, {"name": "DISARONNO", "count": 3}, {"name": "DISNEY", "count": 1}, {"name": "DIVELLA", "count": 12}, {"name": "DIXAN", "count": 4}, {"name": "DODONI", "count": 1}, {"name": "DOLCE PANNA", "count": 1}, {"name": "DOLLY", "count": 1}, {"name": "DOM DUARTE", "count": 1}, {"name": "DOM LOPO", "count": 2}, {"name": "DOM. BRUSSET", "count": 1}, {"name": "DOM. SAINT-PAUL", "count": 1}, {"name": "DOM.SAINT-ANDR\u00c9", "count": 1}, {"name": "DON PAPA", "count": 2}, {"name": "DORITOS", "count": 6}, {"name": "DOTZ", "count": 4}, {"name": "DOUWE EGBERTS", "count": 24}, {"name": "DOVE", "count": 24}, {"name": "DOVE MEN+CARE", "count": 3}, {"name": "DR PEPPER", "count": 1}, {"name": "DR. TOM'S", "count": 1}, {"name": "DR.BECKMANN", "count": 13}, {"name": "DR.OETKER", "count": 35}, {"name": "DR.OETKER BIG AMERICANS", "count": 3}, {"name": "DR.OETKER CASA DI MAMA", "count": 4}, {"name": "DR.OETKER LA MARGHERITA", "count": 1}, {"name": "DR.OETKER RISTORANTE", "count": 20}, {"name": "DR.OETKER SAROMA", "count": 5}, {"name": "DREFT", "count": 28}, {"name": "DREFT ORIGINAL", "count": 2}, {"name": "DREFT PLATINUM", "count": 3}, {"name": "DROUIN", "count": 1}, {"name": "DRY TOP", "count": 1}, {"name": "DRYNITES", "count": 4}, {"name": "DU VRAI SIROP DE LIEGE", "count": 2}, {"name": "DUC DE LERME", "count": 5}, {"name": "DUC DE MARAVAT", "count": 1}, {"name": "DUCROS", "count": 27}, {"name": "DUNI", "count": 1}, {"name": "DURABLE", "count": 1}, {"name": "DURACELL", "count": 19}, {"name": "DUREX", "count": 15}, {"name": "DUVEL", "count": 5}, {"name": "DUYVIS CRAC-A-NUT", "count": 4}, {"name": "DYMO", "count": 2}, {"name": "D\u00c9LICHOC", "count": 3}, {"name": "D\u00c9LIO", "count": 5}, {"name": "EAU ECARLATE", "count": 5}, {"name": "EAU PRECIEUSE", "count": 1}, {"name": "EBLY", "count": 2}, {"name": "ECONOCE", "count": 1}, {"name": "ECONOM", "count": 30}, {"name": "ECOVER", "count": 22}, {"name": "EDGARD&COOPER", "count": 26}, {"name": "EDIALUX", "count": 1}, {"name": "EDMOND FONTAINE", "count": 1}, {"name": "EEZYM", "count": 4}, {"name": "EFFI", "count": 6}, {"name": "EHRMANN", "count": 9}, {"name": "EKABE", "count": 16}, {"name": "ELIXIR D'ANVERS", "count": 1}, {"name": "ELLA'S KITCHEN", "count": 12}, {"name": "ELMEX", "count": 5}, {"name": "ELNETT", "count": 5}, {"name": "ELOVENA", "count": 1}, {"name": "ELPOZO", "count": 1}, {"name": "ELSEVE", "count": 17}, {"name": "ELVEA", "count": 11}, {"name": "EMILIANA", "count": 3}, {"name": "EMMI", "count": 2}, {"name": "ENERGIZER", "count": 33}, {"name": "ENTREMONT", "count": 2}, {"name": "EPSON", "count": 9}, {"name": "EPUR NATURAL", "count": 4}, {"name": "EQUINOX", "count": 1}, {"name": "ERCOLE GAGLIANO", "count": 1}, {"name": "ERES", "count": 31}, {"name": "ERISTOFF", "count": 7}, {"name": "ESSAY", "count": 1}, {"name": "ETNA", "count": 1}, {"name": "ETOILE", "count": 4}, {"name": "ETOILE DE QUERCY", "count": 1}, {"name": "EVERYDAY", "count": 413}, {"name": "EVIAN", "count": 4}, {"name": "EVIDANSE", "count": 1}, {"name": "EWALD", "count": 1}, {"name": "EXACOMPTA", "count": 1}, {"name": "EXTREME", "count": 2}, {"name": "EZY", "count": 1}, {"name": "FA", "count": 12}, {"name": "FA MEN", "count": 3}, {"name": "FACKELMANN", "count": 10}, {"name": "FAGE", "count": 3}, {"name": "FAGNES", "count": 1}, {"name": "FAIREBEL", "count": 2}, {"name": "FAIRMELLECH", "count": 11}, {"name": "FAM. BOUGRIER", "count": 1}, {"name": "FAM. TORRES", "count": 1}, {"name": "FAM.SKALLI", "count": 1}, {"name": "FAMA", "count": 1}, {"name": "FANTA", "count": 15}, {"name": "FANTINI", "count": 4}, {"name": "FARIN'UP", "count": 1}, {"name": "FARMLAND", "count": 2}, {"name": "FEBREZE", "count": 5}, {"name": "FELIX", "count": 19}, {"name": "FELLER", "count": 1}, {"name": "FERREIRA", "count": 1}, {"name": "FERRERO", "count": 1}, {"name": "FERRERO ROCHER", "count": 2}, {"name": "FEUILLE D'OR", "count": 5}, {"name": "FEVER-TREE", "count": 8}, {"name": "FILIPPO BERIO", "count": 2}, {"name": "FILLIERS", "count": 5}, {"name": "FINISH", "count": 11}, {"name": "FINISH POWER", "count": 1}, {"name": "FINISH PROTECTOR", "count": 1}, {"name": "FINISH QUANTUM", "count": 1}, {"name": "FINISH ULTIMATE PLUS", "count": 1}, {"name": "FIORDIFRUTTA", "count": 2}, {"name": "FIREBALL", "count": 1}, {"name": "FITAFORM", "count": 1}, {"name": "FIXODENT", "count": 2}, {"name": "FLANDRIEN", "count": 4}, {"name": "FLAVORI", "count": 3}, {"name": "FLEUR DE LAIT", "count": 6}, {"name": "FLODOR CRO\u00dbTONS D'OR", "count": 2}, {"name": "FLOR DE CA\u00d1A", "count": 1}, {"name": "FLORADIX", "count": 1}, {"name": "FLORETTE", "count": 8}, {"name": "FLYING GOOSE", "count": 2}, {"name": "FM", "count": 2}, {"name": "FME", "count": 2}, {"name": "FNK PRO", "count": 2}, {"name": "FOCUSWATER", "count": 3}, {"name": "FOLAT", "count": 11}, {"name": "FOREVER", "count": 2}, {"name": "FOURCHETTE", "count": 2}, {"name": "FRANUI", "count": 1}, {"name": "FRANZISKANER", "count": 4}, {"name": "FREEDENT", "count": 1}, {"name": "FREEDENT WHITE", "count": 3}, {"name": "FREIXENET", "count": 4}, {"name": "FRESH MUSHROOM", "count": 1}, {"name": "FRIEDRICH HERDER", "count": 1}, {"name": "FRISK", "count": 12}, {"name": "FRISKIES", "count": 14}, {"name": "FRISTI", "count": 2}, {"name": "FRIZE", "count": 2}, {"name": "FROLIC", "count": 1}, {"name": "FROSCH", "count": 4}, {"name": "FRUCTIS", "count": 4}, {"name": "FRUIT OASE", "count": 1}, {"name": "FRUIT-TELLA", "count": 3}, {"name": "FULFIL", "count": 4}, {"name": "FUNCK-BRICHER", "count": 1}, {"name": "FUNNY", "count": 3}, {"name": "FUNNY CANDY", "count": 2}, {"name": "FUSO", "count": 1}, {"name": "FUZE TEA", "count": 13}, {"name": "GABRIEL", "count": 1}, {"name": "GAGLIANO", "count": 1}, {"name": "GALAK", "count": 4}, {"name": "GALBANI", "count": 12}, {"name": "GALODORO", "count": 1}, {"name": "GANCIA", "count": 1}, {"name": "GANDA", "count": 2}, {"name": "GAOYITECH", "count": 2}, {"name": "GARCIA BAQUERO", "count": 2}, {"name": "GARDEN GOURMET", "count": 16}, {"name": "GARMELLO", "count": 2}, {"name": "GARNIER", "count": 51}, {"name": "GAROFALO", "count": 9}, {"name": "GASTON F\u00c9BUS", "count": 1}, {"name": "GASTONE LAGO", "count": 1}, {"name": "GAZI", "count": 2}, {"name": "GEFU", "count": 2}, {"name": "GEHWOL", "count": 3}, {"name": "GELDHOF", "count": 1}, {"name": "GEMBRIMED", "count": 1}, {"name": "GERLIN\u00c9A", "count": 22}, {"name": "GERMAIN", "count": 4}, {"name": "GEROLSTEINER", "count": 6}, {"name": "GET 27", "count": 1}, {"name": "GICOPA", "count": 1}, {"name": "GILLETTE", "count": 14}, {"name": "GILLETTE BLUE II PLUS", "count": 1}, {"name": "GILLETTE FUSION5", "count": 1}, {"name": "GILLETTE LABS", "count": 4}, {"name": "GILLETTE SENSOR 3", "count": 1}, {"name": "GILLETTE SERIES", "count": 2}, {"name": "GILLETTE VENUS", "count": 7}, {"name": "GIMBER", "count": 4}, {"name": "GIN MARE", "count": 1}, {"name": "GIN MG", "count": 2}, {"name": "GINI", "count": 2}, {"name": "GLADE", "count": 7}, {"name": "GLADE SENSE&SPRAY", "count": 2}, {"name": "GLADE TOUCH&FRESH", "count": 1}, {"name": "GLEN MORAY", "count": 1}, {"name": "GLENFIDDICH", "count": 1}, {"name": "GLENKINCHIE", "count": 1}, {"name": "GLISS", "count": 6}, {"name": "GLISS KUR", "count": 1}, {"name": "GLORIX", "count": 1}, {"name": "GLUCAMED", "count": 1}, {"name": "GODIVA", "count": 1}, {"name": "GOOD GOUT", "count": 6}, {"name": "GOODMARK", "count": 1}, {"name": "GORDON", "count": 3}, {"name": "GORDON'S", "count": 5}, {"name": "GOUDEN CAROLUS", "count": 2}, {"name": "GOURMET", "count": 20}, {"name": "GRAEFKE", "count": 1}, {"name": "GRAINDOR", "count": 36}, {"name": "GRAN BARON", "count": 10}, {"name": "GRAN SORESINA", "count": 3}, {"name": "GRAND MARNIER", "count": 1}, {"name": "GRAND PONT", "count": 1}, {"name": "GRANINI", "count": 5}, {"name": "GRANORO", "count": 5}, {"name": "GRANT'S", "count": 2}, {"name": "GRAZIADEI", "count": 1}, {"name": "GREEN-E", "count": 2}, {"name": "GREENPROTECT", "count": 1}, {"name": "GREENWAY", "count": 4}, {"name": "GRENADE", "count": 2}, {"name": "GREY GOOSE", "count": 1}, {"name": "GRIMBERGEN", "count": 7}, {"name": "GRISETTE", "count": 1}, {"name": "GUARANA", "count": 2}, {"name": "GUINNESS", "count": 2}, {"name": "GUM", "count": 7}, {"name": "G\u00c9RARD BERTRAND", "count": 3}, {"name": "HABI", "count": 1}, {"name": "HAK", "count": 15}, {"name": "HAKUBAKU", "count": 1}, {"name": "HALIDEAL", "count": 1}, {"name": "HALWA", "count": 3}, {"name": "HAMER'S", "count": 2}, {"name": "HANS BAER", "count": 1}, {"name": "HANSAPLAST", "count": 14}, {"name": "HAPKIN", "count": 1}, {"name": "HAPPYSOAPS", "count": 3}, {"name": "HARDY'S", "count": 1}, {"name": "HARIBO", "count": 25}, {"name": "HARPIC", "count": 7}, {"name": "HARRYS", "count": 2}, {"name": "HASS", "count": 1}, {"name": "HASSELT KAFF\u00c9", "count": 1}, {"name": "HAUST", "count": 3}, {"name": "HAVANA CLUB", "count": 5}, {"name": "HAWAI", "count": 1}, {"name": "HEAD & SHOULDERS", "count": 1}, {"name": "HEAD&SHOULDERS", "count": 13}, {"name": "HEAR LOW", "count": 1}, {"name": "HECHO MANO", "count": 1}, {"name": "HEINEKEN", "count": 3}, {"name": "HEINZ", "count": 14}, {"name": "HELL", "count": 3}, {"name": "HELLMANNS", "count": 1}, {"name": "HENDRICK'S", "count": 1}, {"name": "HENGLEIN", "count": 1}, {"name": "HENNESSY", "count": 1}, {"name": "HENRI DE FLORET", "count": 1}, {"name": "HEPAR", "count": 1}, {"name": "HERBAMARE", "count": 2}, {"name": "HERO BABY", "count": 1}, {"name": "HERTA", "count": 18}, {"name": "HERTA KNACKI", "count": 1}, {"name": "HERTA SUPERIEUR", "count": 1}, {"name": "HERVE SOCI\u00c9T\u00c9", "count": 1}, {"name": "HG", "count": 25}, {"name": "HI-CHEW", "count": 3}, {"name": "HIGHLAND PARK", "count": 1}, {"name": "HIPP", "count": 7}, {"name": "HIPP COMBIOTIK", "count": 3}, {"name": "HIPRO", "count": 15}, {"name": "HOEGAARDEN", "count": 6}, {"name": "HOLIE", "count": 6}, {"name": "HOLLYWOOD", "count": 1}, {"name": "HOOGSTRATEN", "count": 1}, {"name": "HOTCEMEL", "count": 1}, {"name": "HP", "count": 41}, {"name": "HUGGIES", "count": 12}, {"name": "HUMER", "count": 4}, {"name": "HUP", "count": 1}, {"name": "HY@PRO", "count": 2}, {"name": "H\u00c4AGEN-DAZS", "count": 4}, {"name": "ICY VEGAN", "count": 1}, {"name": "IDEAL", "count": 3}, {"name": "IGLO", "count": 19}, {"name": "IJSBOERKE", "count": 9}, {"name": "IL GRAN GIARDINO", "count": 1}, {"name": "ILLOOMS", "count": 4}, {"name": "ILLY", "count": 2}, {"name": "IMAO", "count": 3}, {"name": "IMPERIAL", "count": 24}, {"name": "INFOCUS", "count": 14}, {"name": "INNOCENT", "count": 13}, {"name": "INNOVIS", "count": 1}, {"name": "INSTANET", "count": 2}, {"name": "INTEGRAL", "count": 12}, {"name": "INTIMY", "count": 1}, {"name": "ISEY SKYR", "count": 4}, {"name": "ISFI", "count": 2}, {"name": "ISIGNY STE M\u00c8RE", "count": 1}, {"name": "ISOLABELLA", "count": 2}, {"name": "ISOSTAR", "count": 4}, {"name": "ITSU", "count": 3}, {"name": "J&B", "count": 2}, {"name": "J. EGBERTS", "count": 1}, {"name": "JACK DANIEL'S", "count": 5}, {"name": "JACOBS", "count": 2}, {"name": "JACQMOTTE", "count": 3}, {"name": "JACQUES", "count": 4}, {"name": "JACQUET MAXI JAC'", "count": 2}, {"name": "JAILLANCE", "count": 1}, {"name": "JAMESON", "count": 1}, {"name": "JARR", "count": 2}, {"name": "JIM BEAM", "count": 2}, {"name": "JIMMY'S", "count": 5}, {"name": "JOHNNIE WALKER", "count": 3}, {"name": "JOHNNIE WALKER BLACK LABEL", "count": 1}, {"name": "JOHNSON'S BABY", "count": 3}, {"name": "JOPPIE", "count": 1}, {"name": "JORDAN", "count": 5}, {"name": "JORDANS", "count": 5}, {"name": "JORIS", "count": 2}, {"name": "JOYFUEL", "count": 3}, {"name": "JOYVALLE", "count": 1}, {"name": "JOZO", "count": 1}, {"name": "JP. CHENET", "count": 7}, {"name": "JULES DESTROOPER", "count": 7}, {"name": "JUPILER", "count": 9}, {"name": "JUPILER BLUE", "count": 1}, {"name": "JURAFLORE", "count": 1}, {"name": "JUSTIN BRIDOU", "count": 1}, {"name": "JUVAMINE", "count": 7}, {"name": "JUYPAL", "count": 1}, {"name": "J\u00c4GERMEISTER", "count": 2}, {"name": "K2R", "count": 1}, {"name": "KALAMUNDI", "count": 2}, {"name": "KANEN", "count": 1}, {"name": "KANGOUROU", "count": 30}, {"name": "KASTEEL", "count": 5}, {"name": "KATHY", "count": 3}, {"name": "KEEEPER", "count": 5}, {"name": "KELL. ST. PAULS", "count": 1}, {"name": "KELLOGG'S", "count": 3}, {"name": "KELLOGG'S ALL-BRAN", "count": 1}, {"name": "KELLOGG'S COCO POPS", "count": 2}, {"name": "KELLOGG'S CORN FLAKES", "count": 1}, {"name": "KELLOGG'S EXTRA", "count": 5}, {"name": "KELLOGG'S FROSTIES", "count": 1}, {"name": "KELLOGG'S MIEL POPS", "count": 2}, {"name": "KELLOGG'S SMACKS", "count": 1}, {"name": "KELLOGG'S TR\u00c9SOR", "count": 5}, {"name": "KERRYGOLD", "count": 1}, {"name": "KETTLE", "count": 1}, {"name": "KETTLE VEG CHIPS", "count": 1}, {"name": "KIDIBUL", "count": 7}, {"name": "KIKKOMAN", "count": 2}, {"name": "KINDER", "count": 8}, {"name": "KINDER BUENO", "count": 5}, {"name": "KINDER CHOCOLATE", "count": 2}, {"name": "KINDER JOY", "count": 1}, {"name": "KING", "count": 2}, {"name": "KING C. GILLETTE", "count": 1}, {"name": "KIRI", "count": 3}, {"name": "KITKAT", "count": 1}, {"name": "KLAAAR", "count": 1}, {"name": "KLEENEX", "count": 4}, {"name": "KNOPPERS", "count": 4}, {"name": "KNORR", "count": 88}, {"name": "KNORR PRIMERBA", "count": 1}, {"name": "KOALA", "count": 8}, {"name": "KOETJESREEP", "count": 2}, {"name": "KRAFT", "count": 1}, {"name": "KRI KRI", "count": 2}, {"name": "KRIKET", "count": 3}, {"name": "KRISPROLLS", "count": 3}, {"name": "KRIT", "count": 1}, {"name": "KUCHENMEISTER", "count": 1}, {"name": "KUHNE", "count": 3}, {"name": "KWATTA", "count": 7}, {"name": "L'AURORE", "count": 1}, {"name": "L'EXQUIS", "count": 1}, {"name": "L'OR ESPRESSO", "count": 7}, {"name": "L'OREAL", "count": 76}, {"name": "L.HAUTS GRANGET", "count": 1}, {"name": "LA BARRACA", "count": 1}, {"name": "LA CAPITAINERIE", "count": 2}, {"name": "LA CROIX", "count": 6}, {"name": "LA CROIX DE PATY", "count": 1}, {"name": "LA CROIX FOURGET", "count": 1}, {"name": "LA GAUMAISE", "count": 1}, {"name": "LA GIOIOSA", "count": 1}, {"name": "LA GUARDIENSE", "count": 1}, {"name": "LA LAITI\u00c8RE", "count": 12}, {"name": "LA LORRAINE", "count": 1}, {"name": "LA MACINA LIGURE", "count": 1}, {"name": "LA MAIN BLEUE", "count": 1}, {"name": "LA MENORQUINA", "count": 1}, {"name": "LA M\u00c8RE POULARD", "count": 2}, {"name": "LA PETITE REDOUTABLE", "count": 1}, {"name": "LA REDOUTABLE", "count": 1}, {"name": "LA TRAPPE", "count": 3}, {"name": "LA VACHE QUI RIT", "count": 6}, {"name": "LA VACHE QUI RIT PIK & CROQ'", "count": 1}, {"name": "LA VIDA VEGAN", "count": 1}, {"name": "LA VIEILLE ABBAYE", "count": 1}, {"name": "LA WILLIAM", "count": 11}, {"name": "LABEL 5", "count": 1}, {"name": "LABELLO", "count": 6}, {"name": "LABEYRIE", "count": 1}, {"name": "LACROIX", "count": 4}, {"name": "LACTACYD", "count": 2}, {"name": "LACTEL", "count": 1}, {"name": "LAGUNITAS", "count": 1}, {"name": "LANDANA", "count": 2}, {"name": "LANSINOH", "count": 2}, {"name": "LAPHROAIG", "count": 1}, {"name": "LARIOS", "count": 1}, {"name": "LASLO", "count": 1}, {"name": "LATTE CARSO", "count": 1}, {"name": "LAURENT-PERRIER", "count": 2}, {"name": "LAVAZZA", "count": 12}, {"name": "LAY'S", "count": 23}, {"name": "LAY'S MAMA MIA'S", "count": 1}, {"name": "LAY'S MAX", "count": 7}, {"name": "LE BOUCHER V\u00c9G\u00c9TARIEN", "count": 7}, {"name": "LE CAVALIER-ROI", "count": 1}, {"name": "LE CHAT", "count": 10}, {"name": "LE MENAUDAT", "count": 1}, {"name": "LE MOULIN", "count": 16}, {"name": "LE MOULIN 1704", "count": 3}, {"name": "LE PAIN DES FLEURS", "count": 2}, {"name": "LE PETIT MARS.", "count": 9}, {"name": "LE PETIT MARSEILLAIS", "count": 2}, {"name": "LE PEYRAT", "count": 2}, {"name": "LE PR\u00c9 CLOS", "count": 1}, {"name": "LE RUSTIQUE", "count": 2}, {"name": "LE VIEUX PAN\u00c9", "count": 1}, {"name": "LEA PERRINS", "count": 1}, {"name": "LEDENT", "count": 5}, {"name": "LEERDAM", "count": 1}, {"name": "LEERDAMMER", "count": 9}, {"name": "LEEV", "count": 1}, {"name": "LEFFE", "count": 14}, {"name": "LEGO", "count": 3}, {"name": "LEGO CITY", "count": 2}, {"name": "LEGO FRIENDS", "count": 6}, {"name": "LEIBNIZ", "count": 2}, {"name": "LEIBNIZ ZOO", "count": 1}, {"name": "LEIFHEIT", "count": 11}, {"name": "LEMAN", "count": 1}, {"name": "LENOR", "count": 8}, {"name": "LES ALEXANDRINS", "count": 1}, {"name": "LES B\u00c9CASSES", "count": 1}, {"name": "LES HAUTS ROCS", "count": 6}, {"name": "LES TROIS \u00c9GLISES", "count": 1}, {"name": "LET'Z", "count": 3}, {"name": "LEVURE ROYALE", "count": 1}, {"name": "LICOR 35", "count": 1}, {"name": "LICOR 43", "count": 2}, {"name": "LIEBIG", "count": 25}, {"name": "LIEFMANS", "count": 2}, {"name": "LILLET", "count": 1}, {"name": "LIMA", "count": 2}, {"name": "LIMONCELLO DI SICILIA", "count": 1}, {"name": "LINDAHLS", "count": 9}, {"name": "LINDEMANS", "count": 1}, {"name": "LINDT CREATION", "count": 1}, {"name": "LINDT EXCELLENCE", "count": 8}, {"name": "LINDT LINDOR", "count": 3}, {"name": "LINEA", "count": 1}, {"name": "LION", "count": 1}, {"name": "LIPTON", "count": 27}, {"name": "LISTERINE", "count": 2}, {"name": "LISTERINE TOTAL CARE", "count": 2}, {"name": "LOCTITE", "count": 5}, {"name": "LODA", "count": 2}, {"name": "LODYSS", "count": 3}, {"name": "LOOK O LOOK", "count": 9}, {"name": "LORENZ", "count": 25}, {"name": "LORENZ CRUNCHIPS", "count": 1}, {"name": "LORENZ MONSTER MUNCH", "count": 3}, {"name": "LORENZ POMSTICKS", "count": 2}, {"name": "LOS CONDES", "count": 1}, {"name": "LOTUS", "count": 24}, {"name": "LOTUS BABY", "count": 1}, {"name": "LOTUS BISCOFF", "count": 14}, {"name": "LOTUS SUZY", "count": 3}, {"name": "LOUIS COUTURIER", "count": 1}, {"name": "LOVE CAT", "count": 1}, {"name": "LOVE CONDOM", "count": 1}, {"name": "LU", "count": 13}, {"name": "LU BASTOGNE!", "count": 1}, {"name": "LU BELVITA", "count": 4}, {"name": "LU CENT WAFERS", "count": 2}, {"name": "LU CHOCO AS", "count": 1}, {"name": "LU CRACOTTE", "count": 1}, {"name": "LU GRANY", "count": 4}, {"name": "LU HEUDEBERT", "count": 3}, {"name": "LU LULU", "count": 5}, {"name": "LU MIKADO", "count": 3}, {"name": "LU PAROVITA", "count": 2}, {"name": "LU PIM'S", "count": 1}, {"name": "LU PRINCE", "count": 10}, {"name": "LU VITABIS", "count": 1}, {"name": "LUGRADE", "count": 1}, {"name": "LUPULUS", "count": 3}, {"name": "LUTTI", "count": 20}, {"name": "LUTTI OH-LA-LA", "count": 1}, {"name": "LUXLAIT", "count": 16}, {"name": "LYMA", "count": 1}, {"name": "L\u00c4TTA", "count": 1}, {"name": "L\u00cbT'Z EE\u00cbR", "count": 2}, {"name": "L\u00cbT'Z HUNNEG", "count": 1}, {"name": "L\u00cbT'Z KOLA", "count": 1}, {"name": "L\u00cbT'Z LIMO", "count": 2}, {"name": "L\u00cbTZ COFFEE", "count": 2}, {"name": "M&M'S", "count": 9}, {"name": "M. PERRIER", "count": 4}, {"name": "MAAZA", "count": 3}, {"name": "MACIEIRA", "count": 1}, {"name": "MACKAY", "count": 1}, {"name": "MAES", "count": 3}, {"name": "MAGGI", "count": 1}, {"name": "MAGNEMED", "count": 1}, {"name": "MAGNUM", "count": 12}, {"name": "MAILLE", "count": 2}, {"name": "MAISTRES OCCITANS", "count": 1}, {"name": "MAIZENA", "count": 1}, {"name": "MAIZENA EXPRESS", "count": 2}, {"name": "MAIZENA ROUX", "count": 2}, {"name": "MALIBU", "count": 1}, {"name": "MALTESERS", "count": 1}, {"name": "MANDARINE NAPOL\u00c9ON", "count": 1}, {"name": "MANGAROCA", "count": 1}, {"name": "MANNA", "count": 5}, {"name": "MANNEKES", "count": 2}, {"name": "MAOAM", "count": 1}, {"name": "MAPED", "count": 7}, {"name": "MARCASSOU", "count": 5}, {"name": "MARCATI", "count": 1}, {"name": "MAREDSOUS", "count": 15}, {"name": "MARHABA", "count": 1}, {"name": "MARIA JOLA", "count": 2}, {"name": "MARIE GALANTE", "count": 32}, {"name": "MARIE THUMAS", "count": 3}, {"name": "MARQUIS DE VILLON", "count": 3}, {"name": "MARS", "count": 2}, {"name": "MARSEL", "count": 4}, {"name": "MARTINI", "count": 7}, {"name": "MAS PERE", "count": 1}, {"name": "MASQUENADA", "count": 1}, {"name": "MASSO ANTICO", "count": 3}, {"name": "MATERNE", "count": 27}, {"name": "MATEUS", "count": 1}, {"name": "MAXXUS", "count": 1}, {"name": "MAYA", "count": 2}, {"name": "MAYBELLINE", "count": 68}, {"name": "MCCAIN", "count": 10}, {"name": "MEDISANA", "count": 1}, {"name": "MEGGLE", "count": 1}, {"name": "MEICA", "count": 1}, {"name": "MEKKAFOOD", "count": 5}, {"name": "MELI", "count": 7}, {"name": "MELITTA", "count": 11}, {"name": "MELKMEISJE", "count": 3}, {"name": "MEN EXPERT", "count": 2}, {"name": "MENNEN", "count": 1}, {"name": "MENTOS", "count": 15}, {"name": "MENTOS AQUA KISS", "count": 1}, {"name": "MENTOS PURE FRESH", "count": 4}, {"name": "MERCI", "count": 6}, {"name": "MERCUROCHROME", "count": 12}, {"name": "MERIDOL", "count": 1}, {"name": "MERITO", "count": 1}, {"name": "MEULE DE BESAC", "count": 1}, {"name": "MEYER", "count": 6}, {"name": "MIGUEL FUERTE", "count": 3}, {"name": "MIGUEL TORRES", "count": 3}, {"name": "MILANGO", "count": 1}, {"name": "MILCAMPS", "count": 1}, {"name": "MILKA", "count": 23}, {"name": "MILKYWAY", "count": 2}, {"name": "MINI BABYBEL", "count": 1}, {"name": "MINUS L", "count": 1}, {"name": "MINUSL", "count": 9}, {"name": "MINUTE MAID", "count": 5}, {"name": "MIONETTO", "count": 4}, {"name": "MIRACOLI", "count": 7}, {"name": "MOERMAN", "count": 10}, {"name": "MOINETTE", "count": 2}, {"name": "MONGE", "count": 3}, {"name": "MONIN", "count": 2}, {"name": "MONSTER", "count": 10}, {"name": "MONTENAUER", "count": 4}, {"name": "MONTGRAS", "count": 2}, {"name": "MORA", "count": 4}, {"name": "MOUSLINE", "count": 1}, {"name": "MOUSSE DE LIN", "count": 4}, {"name": "MOUTARDERIE DE LUXEMBOURG", "count": 12}, {"name": "MO\u00cbT & CHANDON", "count": 1}, {"name": "MR PROPRE", "count": 7}, {"name": "MR.PROPRE", "count": 2}, {"name": "MUD HOUSE", "count": 1}, {"name": "MUMM CORDON ROUGE", "count": 1}, {"name": "MUNCHKIN", "count": 2}, {"name": "MUSCAT BEAUMES DE VENISE", "count": 1}, {"name": "MUSEUM", "count": 1}, {"name": "MUTTI", "count": 6}, {"name": "M\u00d6VENPICK", "count": 1}, {"name": "N.A!", "count": 1}, {"name": "NAAPREP", "count": 1}, {"name": "NAIF", "count": 6}, {"name": "NALU", "count": 3}, {"name": "NALYS", "count": 3}, {"name": "NAN OPTIPRO", "count": 7}, {"name": "NAPOLEON", "count": 2}, {"name": "NATURA", "count": 1}, {"name": "NATURE VALLEY", "count": 6}, {"name": "NAZARETH", "count": 1}, {"name": "NEMEA", "count": 1}, {"name": "NESCAF\u00c9", "count": 7}, {"name": "NESCAF\u00c9 DG", "count": 21}, {"name": "NESCAF\u00c9 GOLD", "count": 6}, {"name": "NESCAF\u00c9 SELECT", "count": 2}, {"name": "NESQUIK", "count": 1}, {"name": "NEST", "count": 1}, {"name": "NESTL\u00c9", "count": 23}, {"name": "NESTL\u00c9 BABY", "count": 3}, {"name": "NESTL\u00c9 BONJOUR", "count": 1}, {"name": "NESTL\u00c9 CARO", "count": 1}, {"name": "NESTL\u00c9 CERELAC", "count": 2}, {"name": "NESTL\u00c9 COFFEE-MATE", "count": 1}, {"name": "NESTL\u00c9 CRUNCH", "count": 1}, {"name": "NESTL\u00c9 FITNESS", "count": 4}, {"name": "NESTL\u00c9 GALAK", "count": 1}, {"name": "NESTL\u00c9 KITKAT", "count": 4}, {"name": "NESTL\u00c9 LE VIENNOIS", "count": 2}, {"name": "NESTL\u00c9 LION", "count": 3}, {"name": "NESTL\u00c9 NESQUIK", "count": 3}, {"name": "NESTL\u00c9 PURE LIFE", "count": 1}, {"name": "NESTL\u00c9 RICOR\u00c9", "count": 1}, {"name": "NESTL\u00c9 SMARTIES", "count": 2}, {"name": "NESTL\u00c9 YOGOLINO", "count": 9}, {"name": "NEUTROGENA", "count": 13}, {"name": "NEW YORK BAK.CO.", "count": 2}, {"name": "NIAMH", "count": 4}, {"name": "NICOLAS FEUILLATTE", "count": 1}, {"name": "NICOLS", "count": 1}, {"name": "NIGHT ORIENT", "count": 7}, {"name": "NIROSTA", "count": 1}, {"name": "NISITA", "count": 4}, {"name": "NISSIN", "count": 6}, {"name": "NISSIN SOBA", "count": 3}, {"name": "NISSUI", "count": 1}, {"name": "NIVEA", "count": 93}, {"name": "NIVEA MEN", "count": 16}, {"name": "NO BULLSHIT", "count": 2}, {"name": "NOBERASCO", "count": 6}, {"name": "NOBRE", "count": 1}, {"name": "NOCCIOLATA", "count": 5}, {"name": "NOLENS", "count": 1}, {"name": "NOLIKO", "count": 2}, {"name": "NOORD HOLLANDER", "count": 5}, {"name": "NOSTALGIE", "count": 3}, {"name": "NOSTIK", "count": 3}, {"name": "NOTTE ROSSA", "count": 1}, {"name": "NUBY", "count": 3}, {"name": "NUT'S AMORE", "count": 4}, {"name": "NUTELLA", "count": 4}, {"name": "NUTRILON", "count": 8}, {"name": "NUTROMA", "count": 4}, {"name": "NUTS", "count": 1}, {"name": "NUTS&BERRIES", "count": 2}, {"name": "OASIS", "count": 6}, {"name": "OASIS MINI", "count": 3}, {"name": "OATLY!", "count": 4}, {"name": "OB", "count": 6}, {"name": "OBENTO", "count": 2}, {"name": "OCEAN SPRAY", "count": 2}, {"name": "OFFLEY", "count": 3}, {"name": "OH BABY", "count": 4}, {"name": "OIKOS", "count": 15}, {"name": "OKAY", "count": 3}, {"name": "OKULT", "count": 1}, {"name": "OLA", "count": 5}, {"name": "OLA CORNETTO", "count": 1}, {"name": "OLD AMSTERDAM", "count": 2}, {"name": "OLD SMUGGLER", "count": 1}, {"name": "OLIVEIRA DA SERRA", "count": 1}, {"name": "OLVARIT", "count": 30}, {"name": "OMER", "count": 2}, {"name": "OMINO BIANCO", "count": 6}, {"name": "OMNIBIONTA", "count": 9}, {"name": "OPTI-FREE", "count": 1}, {"name": "ORAL-B", "count": 22}, {"name": "ORANGINA", "count": 1}, {"name": "ORCA", "count": 8}, {"name": "ORDAL", "count": 1}, {"name": "OREO", "count": 4}, {"name": "ORGANIX", "count": 3}, {"name": "ORIENBITES", "count": 1}, {"name": "ORTIS", "count": 12}, {"name": "ORVAL", "count": 1}, {"name": "OTHON SCHMITT", "count": 3}, {"name": "OUZO", "count": 1}, {"name": "OVOMALTINE", "count": 1}, {"name": "OXFAM FAIRTRADE", "count": 1}, {"name": "PACHA", "count": 2}, {"name": "PAIN", "count": 1}, {"name": "PAIVA", "count": 4}, {"name": "PAIX DIEU", "count": 2}, {"name": "PALMOLIVE", "count": 8}, {"name": "PAMPERO", "count": 1}, {"name": "PAMPERS", "count": 28}, {"name": "PANTENE", "count": 5}, {"name": "PANZANI", "count": 1}, {"name": "PAOLO", "count": 1}, {"name": "PAPILLON", "count": 3}, {"name": "PARANIX", "count": 1}, {"name": "PARKER", "count": 6}, {"name": "PARMAREGGIO", "count": 2}, {"name": "PARODONTAX", "count": 2}, {"name": "PARTY STARS", "count": 1}, {"name": "PASCHKA", "count": 1}, {"name": "PASQUIER", "count": 3}, {"name": "PASSENDALE", "count": 6}, {"name": "PASSOA", "count": 1}, {"name": "PASSO\u00c3", "count": 1}, {"name": "PAT'PATROUILLE", "count": 7}, {"name": "PATAKS", "count": 1}, {"name": "PATER LIEVENS", "count": 1}, {"name": "PATISLOVE", "count": 1}, {"name": "PATRON", "count": 1}, {"name": "PATTEX", "count": 3}, {"name": "PAULA", "count": 1}, {"name": "PAULANER", "count": 1}, {"name": "PAV\u00c9 D'AFFINOIS", "count": 1}, {"name": "PAYSAN BRETON MADAME LO\u00cfK", "count": 5}, {"name": "PEDIGREE", "count": 24}, {"name": "PEDRAS", "count": 1}, {"name": "PELIKAN", "count": 2}, {"name": "PEPSI", "count": 8}, {"name": "PEPUP VIT.", "count": 5}, {"name": "PERE JOSEPH", "count": 1}, {"name": "PERFECT FIT", "count": 6}, {"name": "PERRIER", "count": 2}, {"name": "PERSIL", "count": 11}, {"name": "PET'S OWN CHOICE", "count": 2}, {"name": "PETERMAN", "count": 3}, {"name": "PETIT BARON", "count": 1}, {"name": "PETIT MARSEIL.", "count": 1}, {"name": "PETIT MARSEILLAIS", "count": 2}, {"name": "PEUGEOT", "count": 1}, {"name": "PHARE DU CAP BON", "count": 1}, {"name": "PHILADELPHIA", "count": 10}, {"name": "PHILIPS", "count": 6}, {"name": "PHYSALIS", "count": 3}, {"name": "PICCANTINA", "count": 1}, {"name": "PICK UP!", "count": 4}, {"name": "PICON", "count": 5}, {"name": "PIEDBOEUF", "count": 2}, {"name": "PILOT", "count": 7}, {"name": "PINDOS", "count": 2}, {"name": "PINSAMI", "count": 2}, {"name": "PIPER-HEIDSIECK", "count": 3}, {"name": "PISANG AMBON", "count": 2}, {"name": "PI\u00c9 D'ANGLOYS", "count": 1}, {"name": "PLAIMONT", "count": 2}, {"name": "PLANET B", "count": 1}, {"name": "PLANTA", "count": 1}, {"name": "PLANTERAY", "count": 1}, {"name": "PLAYMOBIL", "count": 3}, {"name": "PLEDGE", "count": 4}, {"name": "PLOP", "count": 1}, {"name": "POCHAT & FILS", "count": 1}, {"name": "POCO LOCO", "count": 17}, {"name": "POINT-VIRGULE", "count": 2}, {"name": "POIRE WILLIAMS", "count": 1}, {"name": "POLARIS", "count": 8}, {"name": "POLIAKOV", "count": 1}, {"name": "POLL-FABAIRE", "count": 9}, {"name": "POLY PALETTE", "count": 5}, {"name": "POMMERY", "count": 1}, {"name": "POPPIES", "count": 2}, {"name": "PORMINHO", "count": 6}, {"name": "PORT SALUT", "count": 1}, {"name": "PORTO AMURO", "count": 2}, {"name": "PORTO CRUZ", "count": 2}, {"name": "POSCA", "count": 6}, {"name": "POST-IT", "count": 3}, {"name": "POSTEL", "count": 5}, {"name": "POTATO CHEF", "count": 2}, {"name": "POUSIO", "count": 1}, {"name": "POWERADE", "count": 1}, {"name": "PRESIDENT", "count": 4}, {"name": "PRINGLES", "count": 5}, {"name": "PRITT", "count": 8}, {"name": "PROBAR", "count": 2}, {"name": "PROMAGNOR", "count": 5}, {"name": "PROVAMEL", "count": 2}, {"name": "PRUNIER", "count": 2}, {"name": "PR\u00c9SIDENT", "count": 12}, {"name": "PULCO", "count": 2}, {"name": "PUMA", "count": 2}, {"name": "PUNDEL", "count": 3}, {"name": "PUR NATUR", "count": 27}, {"name": "PURE", "count": 1}, {"name": "PURE VIA", "count": 6}, {"name": "PURINA ONE", "count": 17}, {"name": "PYREX", "count": 6}, {"name": "P\u00c1LA P\u00c1LA", "count": 1}, {"name": "QAMPO", "count": 2}, {"name": "QNT", "count": 1}, {"name": "QUAKER", "count": 1}, {"name": "QUAKER CRUESLI", "count": 2}, {"name": "QUAKER OATS EXPRESS", "count": 1}, {"name": "QUALITY STREET", "count": 1}, {"name": "QUIES", "count": 4}, {"name": "QUINTA VISTA", "count": 1}, {"name": "QUORN", "count": 2}, {"name": "RABE", "count": 1}, {"name": "RABEKO", "count": 1}, {"name": "RACLEAN", "count": 1}, {"name": "RAFFAELLO", "count": 1}, {"name": "RAMA", "count": 1}, {"name": "RAMBORN", "count": 1}, {"name": "RANA", "count": 13}, {"name": "RASCAL+FRIENDS", "count": 6}, {"name": "RAVEN", "count": 8}, {"name": "RA\u00cdCES IB\u00c9RICAS", "count": 2}, {"name": "REALEMON", "count": 2}, {"name": "REALIME", "count": 1}, {"name": "RECODA", "count": 4}, {"name": "RED BULL", "count": 6}, {"name": "RED FLAME", "count": 1}, {"name": "REDOXVITA", "count": 1}, {"name": "REGIONAL", "count": 5}, {"name": "REINE DES NEIGES", "count": 1}, {"name": "RELAXIMED", "count": 1}, {"name": "REMY", "count": 3}, {"name": "RENA", "count": 1}, {"name": "REPOMODORO", "count": 1}, {"name": "REXONA", "count": 4}, {"name": "REXONA MEN", "count": 1}, {"name": "RHEINLAND", "count": 1}, {"name": "RIBERALVES", "count": 1}, {"name": "RICARD", "count": 3}, {"name": "RICEUP!", "count": 2}, {"name": "RICOLA", "count": 10}, {"name": "RIDENT", "count": 1}, {"name": "RIEM", "count": 2}, {"name": "RIGA", "count": 1}, {"name": "RIO MARE", "count": 10}, {"name": "RISO SCOTTI", "count": 1}, {"name": "RITCHIE", "count": 3}, {"name": "RITTER SPORT", "count": 5}, {"name": "RIVELLA", "count": 4}, {"name": "ROBERTSON'S", "count": 1}, {"name": "ROBI", "count": 4}, {"name": "ROBIJN", "count": 1}, {"name": "ROC", "count": 10}, {"name": "ROCHEFORT", "count": 4}, {"name": "RODENBACH", "count": 2}, {"name": "RODEO", "count": 3}, {"name": "ROKU GIN", "count": 1}, {"name": "ROMBOUTS", "count": 5}, {"name": "ROODEBERG", "count": 5}, {"name": "ROQUEFORT", "count": 1}, {"name": "ROSPORT", "count": 13}, {"name": "ROUCADIL", "count": 2}, {"name": "ROUDE L\u00c9IW B.K.", "count": 1}, {"name": "ROYAL", "count": 3}, {"name": "ROYCO", "count": 17}, {"name": "ROYCO CRUNCHY", "count": 7}, {"name": "RUBENS", "count": 1}, {"name": "RUFFLES", "count": 1}, {"name": "R\u00c9MY MARTIN", "count": 1}, {"name": "SACLA", "count": 2}, {"name": "SAFARI", "count": 1}, {"name": "SAGRES", "count": 2}, {"name": "SAINT-ALBRAY", "count": 1}, {"name": "SAISON DUPONT", "count": 1}, {"name": "SALAKIS", "count": 4}, {"name": "SALDOMAR", "count": 1}, {"name": "SAMMONTANA", "count": 2}, {"name": "SAMRA", "count": 1}, {"name": "SAN GIORGIO", "count": 1}, {"name": "SAN PELLEGRINO", "count": 9}, {"name": "SAN SILVESTRO", "count": 1}, {"name": "SANEX", "count": 25}, {"name": "SANEX ZERO %", "count": 1}, {"name": "SANTA MARIA", "count": 1}, {"name": "SANYTOL", "count": 13}, {"name": "SAPOLI", "count": 3}, {"name": "SAUPIQUET", "count": 3}, {"name": "SB", "count": 9}, {"name": "SBS", "count": 2}, {"name": "SCHAR", "count": 1}, {"name": "SCHNITZER", "count": 1}, {"name": "SCHOLL", "count": 12}, {"name": "SCHWARZKOPF", "count": 11}, {"name": "SCHWEPPES", "count": 19}, {"name": "SCH\u00c4R", "count": 8}, {"name": "SCOTCH-BRITE", "count": 3}, {"name": "SCOTTEX", "count": 5}, {"name": "SEEBERGER", "count": 27}, {"name": "SEL", "count": 1}, {"name": "SENSEO", "count": 7}, {"name": "SENSODYNE", "count": 8}, {"name": "SEPTONA", "count": 1}, {"name": "SERENA", "count": 2}, {"name": "SERRANO", "count": 1}, {"name": "SHARWOOD'S", "count": 1}, {"name": "SHEBA", "count": 15}, {"name": "SHELMA", "count": 15}, {"name": "SIGNAL", "count": 13}, {"name": "SILAN", "count": 6}, {"name": "SILK & SPICE", "count": 1}, {"name": "SIMON", "count": 7}, {"name": "SIR EDWARD'S", "count": 1}, {"name": "SIR JAMES 101", "count": 6}, {"name": "SIRO", "count": 1}, {"name": "SISTEMA", "count": 6}, {"name": "SKITTLES", "count": 1}, {"name": "SLEEPIMED", "count": 1}, {"name": "SLOGGI", "count": 24}, {"name": "SMAAKT", "count": 2}, {"name": "SMART", "count": 1}, {"name": "SMEETS", "count": 1}, {"name": "SMIRNOFF", "count": 4}, {"name": "SNAQS", "count": 2}, {"name": "SNICKERS", "count": 3}, {"name": "SO THAI", "count": 7}, {"name": "SOCI\u00c9T\u00c9", "count": 1}, {"name": "SODASTREAM", "count": 30}, {"name": "SODATASTE", "count": 4}, {"name": "SOFTIEZZ", "count": 1}, {"name": "SOGNO ITALIANO", "count": 2}, {"name": "SOIGNON", "count": 3}, {"name": "SOLIMED", "count": 1}, {"name": "SOLO", "count": 9}, {"name": "SOTO", "count": 1}, {"name": "SOUBIRAC", "count": 3}, {"name": "SOUBRY", "count": 14}, {"name": "SOUPLINE", "count": 17}, {"name": "SOUQ", "count": 2}, {"name": "SOUTIRAN", "count": 1}, {"name": "SPA FRUIT", "count": 11}, {"name": "SPA INTENSE", "count": 5}, {"name": "SPA REINE", "count": 6}, {"name": "SPA TOUCH", "count": 9}, {"name": "SPAAS", "count": 28}, {"name": "SPAGHERONI", "count": 1}, {"name": "SPEAK LOW", "count": 1}, {"name": "SPECIAL K", "count": 8}, {"name": "SPRITE", "count": 6}, {"name": "ST BERNARDUS", "count": 3}, {"name": "ST FEUILLIEN", "count": 2}, {"name": "ST MARTIN", "count": 8}, {"name": "ST M\u00d4RET", "count": 2}, {"name": "STABILO", "count": 10}, {"name": "STABILO BOSS", "count": 4}, {"name": "STAEDTLER", "count": 3}, {"name": "STARBRIGHT", "count": 11}, {"name": "STARBUCKS", "count": 15}, {"name": "STASSEN", "count": 3}, {"name": "STELLA ARTOIS", "count": 1}, {"name": "STERADENT", "count": 2}, {"name": "STIMOROL", "count": 9}, {"name": "STOFFELS", "count": 1}, {"name": "STRONGBOW", "count": 1}, {"name": "STUDIO", "count": 1}, {"name": "STUDIO LINE", "count": 6}, {"name": "SUCC\u00c8S DU JOUR", "count": 1}, {"name": "SUCRE TIRLEMONT", "count": 10}, {"name": "SUCRE TIRLEMONT TI'LIGHT", "count": 1}, {"name": "SULTANA", "count": 4}, {"name": "SULTANA CRUNCHERS", "count": 1}, {"name": "SUMOL", "count": 6}, {"name": "SUN", "count": 7}, {"name": "SUNARTIS", "count": 1}, {"name": "SUNLIGHT", "count": 7}, {"name": "SUPER BOCK", "count": 7}, {"name": "SUPER MARIO", "count": 1}, {"name": "SUPRADYN", "count": 8}, {"name": "SURPRISE DRINKS", "count": 1}, {"name": "SUSHI FRESH", "count": 39}, {"name": "SUZI WAN", "count": 14}, {"name": "SUZY", "count": 7}, {"name": "SWEET ORIGINALS", "count": 4}, {"name": "SWEET SWITCH", "count": 6}, {"name": "SWEET-SWITCH", "count": 1}, {"name": "SWIFFER", "count": 13}, {"name": "SWIRL", "count": 13}, {"name": "SYLVAMO", "count": 2}, {"name": "SYOSS", "count": 27}, {"name": "SYSTANE", "count": 1}, {"name": "TABASCO", "count": 6}, {"name": "TADA!", "count": 1}, {"name": "TAFT", "count": 1}, {"name": "TAHITI", "count": 9}, {"name": "TALISKER", "count": 1}, {"name": "TAMNAVULIN", "count": 1}, {"name": "TAMPAX", "count": 1}, {"name": "TAMPAX COMPAK", "count": 2}, {"name": "TANQUERAY", "count": 3}, {"name": "TARGET", "count": 2}, {"name": "TASTY", "count": 20}, {"name": "TECH DECK", "count": 1}, {"name": "TEISSEIRE", "count": 8}, {"name": "TEMPO", "count": 1}, {"name": "TENA", "count": 10}, {"name": "TENIMENTI CIVA", "count": 1}, {"name": "TERRA", "count": 2}, {"name": "TERRA CRETA", "count": 4}, {"name": "TERRASANA", "count": 1}, {"name": "TERREFORT", "count": 2}, {"name": "TERSCHELLINGER", "count": 1}, {"name": "TESA", "count": 1}, {"name": "TEXAS INSTRUMENTS", "count": 1}, {"name": "THE BELGIAN", "count": 1}, {"name": "THE BIO VEGGIE COMPANY", "count": 2}, {"name": "THE FAMOUS GROUSE", "count": 1}, {"name": "THE GLENLIVET", "count": 1}, {"name": "THE GUTSY CAPTAIN", "count": 2}, {"name": "THE KRAKEN", "count": 1}, {"name": "THE POTATO CHEF", "count": 3}, {"name": "THE SINGLETON", "count": 1}, {"name": "THERAMED", "count": 1}, {"name": "THIJS", "count": 1}, {"name": "THOMAS HENRY", "count": 1}, {"name": "THOMY", "count": 3}, {"name": "THRIVE", "count": 1}, {"name": "TIC TAC", "count": 1}, {"name": "TIGER BALM", "count": 3}, {"name": "TIGEX", "count": 3}, {"name": "TILDA", "count": 4}, {"name": "TIPP-EX", "count": 4}, {"name": "TOBLERONE", "count": 1}, {"name": "TOKI", "count": 1}, {"name": "TOMME", "count": 1}, {"name": "TONGERLO", "count": 2}, {"name": "TONY'S", "count": 4}, {"name": "TOPPITS", "count": 12}, {"name": "TOSO ASTI", "count": 1}, {"name": "TOUT BIEN", "count": 1}, {"name": "TP-LINK", "count": 3}, {"name": "TREFIN", "count": 1}, {"name": "TREK", "count": 1}, {"name": "TRIBE", "count": 2}, {"name": "TRIPEL KARMELIET", "count": 4}, {"name": "TRIPEL LEFORT", "count": 1}, {"name": "TROLLI", "count": 2}, {"name": "TROPICANA", "count": 7}, {"name": "TROPICO", "count": 1}, {"name": "TRUE GUM", "count": 2}, {"name": "TRUST", "count": 1}, {"name": "TUC", "count": 2}, {"name": "TUERLINCKX", "count": 1}, {"name": "TWININGS", "count": 4}, {"name": "TWISTED CAT", "count": 2}, {"name": "TWIX", "count": 5}, {"name": "TYRCONNELL", "count": 1}, {"name": "T\u00d6NISSTEINER", "count": 9}, {"name": "UCAL", "count": 1}, {"name": "ULTRA DOUX", "count": 18}, {"name": "UNION MATCH", "count": 3}, {"name": "URI-CRAN", "count": 1}, {"name": "UVC", "count": 2}, {"name": "V6 WHITE", "count": 1}, {"name": "VACHE BLEUE", "count": 5}, {"name": "VACUVIN", "count": 1}, {"name": "VAHINE", "count": 3}, {"name": "VAL DIEU", "count": 4}, {"name": "VAL-DIEU", "count": 5}, {"name": "VALAYA", "count": 1}, {"name": "VALSOIA", "count": 2}, {"name": "VALVERT", "count": 1}, {"name": "VAN DELFT", "count": 2}, {"name": "VAN DEN BERG", "count": 2}, {"name": "VAN HENGELO", "count": 1}, {"name": "VAN HOUTEN JACQUES", "count": 1}, {"name": "VANDEMOORTELE", "count": 15}, {"name": "VANDERBILT", "count": 1}, {"name": "VANDERMAESEN", "count": 1}, {"name": "VANIA MAXI", "count": 2}, {"name": "VANILIVIT", "count": 1}, {"name": "VANISH", "count": 12}, {"name": "VAPONA", "count": 20}, {"name": "VASELINE", "count": 1}, {"name": "VEET", "count": 12}, {"name": "VEGET. SLAGER", "count": 2}, {"name": "VENUS", "count": 3}, {"name": "VERDANNET", "count": 1}, {"name": "VERHAAK", "count": 1}, {"name": "VEUVE AMBAL", "count": 1}, {"name": "VICHY CELESTINS", "count": 1}, {"name": "VICI", "count": 4}, {"name": "VICKS", "count": 4}, {"name": "VICKS BLUE", "count": 2}, {"name": "VICTOR PREISS", "count": 4}, {"name": "VICTORIA", "count": 2}, {"name": "VIEIRA", "count": 2}, {"name": "VIENNETTA", "count": 1}, {"name": "VIEUX LI\u00c8GE", "count": 1}, {"name": "VIG.VINSMOSELLE", "count": 1}, {"name": "VIGIER-LATOUR", "count": 2}, {"name": "VILEDA", "count": 28}, {"name": "VILLA MASSA", "count": 2}, {"name": "VILLERS", "count": 2}, {"name": "VIM", "count": 1}, {"name": "VINTENSE", "count": 7}, {"name": "VIOLIFE", "count": 5}, {"name": "VIT-HIT", "count": 2}, {"name": "VITAKRAFT", "count": 25}, {"name": "VITALINEA", "count": 3}, {"name": "VITAMIN WELL", "count": 8}, {"name": "VITAVEA", "count": 2}, {"name": "VITELMA", "count": 2}, {"name": "VITRO CLEN", "count": 2}, {"name": "VITTEL", "count": 2}, {"name": "VIVERA", "count": 9}, {"name": "VI\u00d1A TARAPAC\u00c1", "count": 4}, {"name": "VOLVIC", "count": 2}, {"name": "WAGNER", "count": 14}, {"name": "WAGNER BIG CITY", "count": 3}, {"name": "WAGNER PICCOLINIS", "count": 2}, {"name": "WALWOOD", "count": 2}, {"name": "WARATAH", "count": 1}, {"name": "WATERWIPES", "count": 1}, {"name": "WC NET", "count": 12}, {"name": "WE", "count": 1}, {"name": "WEBER", "count": 1}, {"name": "WEETABIX", "count": 2}, {"name": "WELL", "count": 8}, {"name": "WERTHER'S ORIGINAL", "count": 2}, {"name": "WHISKAS", "count": 15}, {"name": "WILKINSON", "count": 4}, {"name": "WILKINSON SWORD", "count": 4}, {"name": "WILLIAM LAWSON'S", "count": 2}, {"name": "WILLIAM SAURIN", "count": 4}, {"name": "WILLIAMS", "count": 1}, {"name": "WINGS", "count": 1}, {"name": "WONKY", "count": 1}, {"name": "WOODBERRIES", "count": 1}, {"name": "WOOLITE", "count": 2}, {"name": "WORTEGEMSEN", "count": 1}, {"name": "WYCAMS", "count": 1}, {"name": "XL-S", "count": 1}, {"name": "YAKULT", "count": 3}, {"name": "YANA", "count": 22}, {"name": "YOPLAIT MINI YOP", "count": 1}, {"name": "YOPLAIT PANIER", "count": 2}, {"name": "YOPLAIT PETITS FILOUS", "count": 1}, {"name": "YOPLAIT SKYR", "count": 2}, {"name": "YPLON", "count": 1}, {"name": "YPRA", "count": 1}, {"name": "YUMMIX", "count": 1}, {"name": "ZACCAGNINI", "count": 3}, {"name": "ZAGAZOE!", "count": 6}, {"name": "ZANDVLIET", "count": 1}, {"name": "ZAPETTI", "count": 6}, {"name": "ZARPELLON", "count": 2}, {"name": "ZED CANDY", "count": 1}, {"name": "ZEISNER", "count": 2}, {"name": "ZEISS", "count": 2}, {"name": "ZENKER", "count": 1}, {"name": "ZENNER", "count": 28}, {"name": "ZESPRI", "count": 4}, {"name": "ZETA", "count": 6}, {"name": "ZIMBO", "count": 1}, {"name": "ZIP", "count": 4}, {"name": "ZIZI COIN COIN", "count": 1}, {"name": "ZONNATURA", "count": 1}, {"name": "ZOTT", "count": 1}, {"name": "ZOTT MONTE", "count": 2}, {"name": "ZUBROWKA", "count": 2}, {"name": "ZWAN", "count": 7}, {"name": "ZWITSAL", "count": 2}, {"name": "ZYLA", "count": 2}, {"name": "Z\u00d9STO", "count": 1}, {"name": "\u00c7A-VA-SEUL", "count": 18}, {"name": "\u00d6ING", "count": 3}], "seoBrand": [{"name": "'t Vlierbos", "count": 2}, {"name": "7UP", "count": 3}, {"name": "8.6", "count": 2}, {"name": "A.Vogel", "count": 2}, {"name": "A.Vogel Bambu", "count": 1}, {"name": "A.Vogel Herbamare", "count": 1}, {"name": "A.Vogel Molkosan", "count": 1}, {"name": "AA DRINK", "count": 2}, {"name": "AMUSE", "count": 2}, {"name": "Aarts", "count": 1}, {"name": "Aberfeldy", "count": 1}, {"name": "Absolut", "count": 2}, {"name": "Acapulco", "count": 1}, {"name": "Ace", "count": 1}, {"name": "Actimel", "count": 8}, {"name": "Active O2", "count": 4}, {"name": "Activia", "count": 7}, {"name": "Adventuros", "count": 6}, {"name": "Affligem", "count": 1}, {"name": "Agipa", "count": 3}, {"name": "Agromonte", "count": 2}, {"name": "Aguacana", "count": 1}, {"name": "Agustson", "count": 1}, {"name": "Air Wick", "count": 12}, {"name": "Air Wick Freshmatic", "count": 3}, {"name": "Air Wick Freshmatic Pure Fresh", "count": 1}, {"name": "Air Wick Pure", "count": 3}, {"name": "Ajax", "count": 12}, {"name": "Al'Fez", "count": 3}, {"name": "Albert Bichot", "count": 3}, {"name": "Alfrio", "count": 1}, {"name": "Alibi", "count": 1}, {"name": "Alisa's cookies", "count": 3}, {"name": "Allure", "count": 3}, {"name": "Almdudler", "count": 1}, {"name": "Almo Nature", "count": 19}, {"name": "Alpecin", "count": 2}, {"name": "Alpro", "count": 56}, {"name": "Altaland", "count": 2}, {"name": "Alvalle", "count": 1}, {"name": "Always", "count": 9}, {"name": "Always Discreet", "count": 7}, {"name": "Always Maxi", "count": 3}, {"name": "Always Ultra", "count": 5}, {"name": "Always Ultra Secure", "count": 1}, {"name": "Always Ultra Secure Night", "count": 1}, {"name": "Ambi Pur", "count": 2}, {"name": "Amefa", "count": 3}, {"name": "Amerguinha", "count": 1}, {"name": "Amora", "count": 2}, {"name": "Ana Luz", "count": 1}, {"name": "Anco", "count": 6}, {"name": "Angelo", "count": 1}, {"name": "Antikal", "count": 4}, {"name": "Aoste", "count": 9}, {"name": "Aoste Plus", "count": 2}, {"name": "Aperol", "count": 2}, {"name": "Aperol Spritz", "count": 1}, {"name": "Apetina", "count": 1}, {"name": "Appassimento", "count": 1}, {"name": "Appelsientje", "count": 3}, {"name": "Appletiser", "count": 1}, {"name": "Appleton Estate", "count": 1}, {"name": "Ap\u00e9ricube", "count": 2}, {"name": "Aquafresh", "count": 1}, {"name": "Aquarius", "count": 6}, {"name": "Arbre Magique", "count": 4}, {"name": "Arduenna", "count": 1}, {"name": "AriZona", "count": 2}, {"name": "Ariel", "count": 9}, {"name": "Aristo", "count": 1}, {"name": "Arla", "count": 3}, {"name": "Arran", "count": 1}, {"name": "Arthur Metz", "count": 1}, {"name": "Artisans Partisans", "count": 8}, {"name": "Artline", "count": 2}, {"name": "Astrio", "count": 1}, {"name": "Athena", "count": 8}, {"name": "Atoma", "count": 5}, {"name": "Aubel", "count": 3}, {"name": "Auchentoshan", "count": 1}, {"name": "Aurora", "count": 3}, {"name": "Avent", "count": 1}, {"name": "Averna", "count": 1}, {"name": "Axe", "count": 16}, {"name": "A\u00efki", "count": 20}, {"name": "B-Magnum", "count": 1}, {"name": "BACARD\u00cd", "count": 1}, {"name": "BALOCCO", "count": 4}, {"name": "BEBIO", "count": 5}, {"name": "BELVEDERE", "count": 1}, {"name": "BIOG", "count": 8}, {"name": "BN", "count": 2}, {"name": "BN Choc'Land", "count": 1}, {"name": "BN Mini", "count": 2}, {"name": "BRITA", "count": 14}, {"name": "Bacard\u00ed", "count": 6}, {"name": "Bacio Della Luna", "count": 2}, {"name": "Baglietti", "count": 1}, {"name": "Bahlsen", "count": 11}, {"name": "Bahlsen Leibniz", "count": 4}, {"name": "Bahlsen Pick Up!", "count": 5}, {"name": "Baileys", "count": 2}, {"name": "Balade", "count": 13}, {"name": "Balade So Light", "count": 2}, {"name": "Balconi", "count": 5}, {"name": "Balisto", "count": 2}, {"name": "Ballantine's", "count": 1}, {"name": "Bambix", "count": 10}, {"name": "Barbar", "count": 1}, {"name": "Barebells", "count": 12}, {"name": "Barilla", "count": 26}, {"name": "Barilla Piccolini", "count": 2}, {"name": "Batteliek", "count": 1}, {"name": "Battin", "count": 11}, {"name": "Bauer", "count": 10}, {"name": "Bayernland", "count": 1}, {"name": "Baygon", "count": 6}, {"name": "Be-Kind", "count": 2}, {"name": "Beaumes de Venise", "count": 2}, {"name": "Becel", "count": 7}, {"name": "Becel ProActiv", "count": 2}, {"name": "Beckerich", "count": 2}, {"name": "Beckers", "count": 1}, {"name": "Beemster", "count": 2}, {"name": "BeiraNova", "count": 3}, {"name": "Bel'Sara", "count": 1}, {"name": "Belgium Peak Beer", "count": 2}, {"name": "Beltion", "count": 2}, {"name": "Belvedere", "count": 1}, {"name": "Belviva", "count": 9}, {"name": "Ben & Jerry's", "count": 8}, {"name": "Ben's original", "count": 16}, {"name": "Benecol", "count": 1}, {"name": "Bepanthen", "count": 6}, {"name": "Beretta", "count": 3}, {"name": "Bernard Massard", "count": 18}, {"name": "Bernard-Massard", "count": 1}, {"name": "Berne", "count": 3}, {"name": "Bertolli", "count": 8}, {"name": "Besana", "count": 10}, {"name": "Beyblade", "count": 1}, {"name": "Biaform", "count": 3}, {"name": "Bic", "count": 23}, {"name": "Bic Kids", "count": 1}, {"name": "Bic Soleil", "count": 1}, {"name": "Bic Velleda", "count": 1}, {"name": "Bicky", "count": 2}, {"name": "Bien-Etre", "count": 2}, {"name": "Bieze", "count": 2}, {"name": "Bifi", "count": 3}, {"name": "Big Tom", "count": 1}, {"name": "Billy's Farm", "count": 1}, {"name": "Bioferme", "count": 1}, {"name": "Bioitalia", "count": 1}, {"name": "Biona", "count": 1}, {"name": "Biorganica Nuova", "count": 2}, {"name": "Biover", "count": 37}, {"name": "Bip", "count": 1}, {"name": "Birra Moretti", "count": 1}, {"name": "Biscovit", "count": 1}, {"name": "Bisetti", "count": 1}, {"name": "Bison", "count": 5}, {"name": "Bisquit Dubouch\u00e9", "count": 1}, {"name": "Bisson", "count": 1}, {"name": "Bister", "count": 6}, {"name": "Bitburger", "count": 2}, {"name": "BitesWeLove", "count": 2}, {"name": "Bi\u00e8re des Amis", "count": 3}, {"name": "Blan", "count": 1}, {"name": "Blanche de Namur", "count": 1}, {"name": "Bleu d'Argent", "count": 1}, {"name": "Bleu d'Auvergne", "count": 1}, {"name": "Blue Dragon", "count": 5}, {"name": "Blygedacht", "count": 1}, {"name": "Bob Snail", "count": 3}, {"name": "Bodegas Ra\u00edces Ib\u00e9ricas", "count": 2}, {"name": "Boerinneke", "count": 5}, {"name": "Boerkens'", "count": 2}, {"name": "Bofferding", "count": 4}, {"name": "Bograin", "count": 4}, {"name": "Bom Amigo", "count": 3}, {"name": "Bombay", "count": 2}, {"name": "Bombay Sapphire", "count": 2}, {"name": "Bombus", "count": 1}, {"name": "Bon Appetit", "count": 1}, {"name": "Bon Secours", "count": 1}, {"name": "BonMush", "count": 1}, {"name": "Bonduelle", "count": 21}, {"name": "Bongiorno", "count": 2}, {"name": "Boni", "count": 1}, {"name": "Boni Selection", "count": 1880}, {"name": "Boni Selection Bio", "count": 170}, {"name": "Boni Selection Bio Boni Selection", "count": 3}, {"name": "Boni Selection Boni Selection Bio", "count": 1}, {"name": "Boni Selection Boni Selection Plan't", "count": 1}, {"name": "Boni Selection Eco", "count": 12}, {"name": "Boni Selection Eco Boni Selection", "count": 1}, {"name": "Boni Selection Plan't", "count": 82}, {"name": "Bonne Maman", "count": 8}, {"name": "Bonux", "count": 1}, {"name": "Borges", "count": 1}, {"name": "Borgo Casale", "count": 1}, {"name": "Borotalco", "count": 6}, {"name": "Bosphorus", "count": 1}, {"name": "Boss", "count": 2}, {"name": "Bosto", "count": 23}, {"name": "Bounty", "count": 1}, {"name": "Bouraza", "count": 1}, {"name": "Boursin", "count": 12}, {"name": "Brabantia", "count": 19}, {"name": "Branca de Neve", "count": 1}, {"name": "Brazzale", "count": 1}, {"name": "Bref", "count": 22}, {"name": "Brie De Meaux", "count": 1}, {"name": "Brindolive", "count": 1}, {"name": "Brita", "count": 1}, {"name": "Brood Van Soma", "count": 1}, {"name": "Brother", "count": 21}, {"name": "Bru", "count": 2}, {"name": "Brugge", "count": 7}, {"name": "Brugge Tripel", "count": 1}, {"name": "Brugge d'Or", "count": 2}, {"name": "Bruggeman", "count": 3}, {"name": "Bubble Go", "count": 2}, {"name": "Bubblicious", "count": 1}, {"name": "Bud", "count": 1}, {"name": "Bueno", "count": 1}, {"name": "Buff", "count": 1}, {"name": "Buiteman", "count": 1}, {"name": "Bulldog", "count": 1}, {"name": "Bumbu", "count": 2}, {"name": "Bundaberg", "count": 1}, {"name": "Bur-O-Class", "count": 1}, {"name": "Bush", "count": 4}, {"name": "Busters", "count": 4}, {"name": "Butter biscuits", "count": 1}, {"name": "Butterfly", "count": 2}, {"name": "By XLS", "count": 1}, {"name": "B\u00f6klunder", "count": 1}, {"name": "C By Cabriz", "count": 3}, {"name": "CAT", "count": 1}, {"name": "CINZANO", "count": 2}, {"name": "CLEVERWATER", "count": 1}, {"name": "CLOS JANGLI", "count": 7}, {"name": "COELHO & DIAS", "count": 2}, {"name": "COMPEED", "count": 3}, {"name": "CRUIDOCE", "count": 5}, {"name": "Cabe\u00e7a de Toiro", "count": 3}, {"name": "Calcimed", "count": 1}, {"name": "Calem", "count": 1}, {"name": "Calgon", "count": 4}, {"name": "Callebaut", "count": 5}, {"name": "Calv\u00e9", "count": 4}, {"name": "Camargue", "count": 1}, {"name": "Cambozola", "count": 1}, {"name": "Camembert", "count": 1}, {"name": "Camille", "count": 4}, {"name": "Camino Real", "count": 1}, {"name": "Caminos de Sacramento", "count": 1}, {"name": "Campagne de France", "count": 1}, {"name": "Campari", "count": 1}, {"name": "Campina", "count": 14}, {"name": "Canada Dry", "count": 1}, {"name": "Canard", "count": 5}, {"name": "Canard Fresh Disc", "count": 2}, {"name": "Canderel", "count": 8}, {"name": "Candico", "count": 5}, {"name": "Canon", "count": 38}, {"name": "Cantina Zaccagnini", "count": 3}, {"name": "Cantina di Negrar", "count": 1}, {"name": "Cantina di Ora Amicale", "count": 1}, {"name": "Cantine San Silvestro", "count": 1}, {"name": "Caol Ila", "count": 1}, {"name": "Capataz", "count": 1}, {"name": "Capri-Sun", "count": 4}, {"name": "Caprice des Dieux", "count": 1}, {"name": "Captain Morgan", "count": 6}, {"name": "Cara", "count": 8}, {"name": "Carefree", "count": 6}, {"name": "Carioca", "count": 5}, {"name": "Carlier", "count": 2}, {"name": "Carlsberg", "count": 3}, {"name": "Carlsbourg", "count": 7}, {"name": "Carlsbourg Finesse", "count": 1}, {"name": "Carolin", "count": 12}, {"name": "Carte d'Or", "count": 1}, {"name": "Casa Firelli", "count": 2}, {"name": "Casa Mayor", "count": 1}, {"name": "Casal Garcia", "count": 3}, {"name": "Casal Mendes", "count": 1}, {"name": "Castello", "count": 1}, {"name": "Castle Ice", "count": 1}, {"name": "Caterpillar", "count": 2}, {"name": "Catisfactions", "count": 8}, {"name": "Catsan", "count": 1}, {"name": "Cave du Ch\u00e2teau de Ch\u00e9nas", "count": 1}, {"name": "Ca\u00e7arola", "count": 10}, {"name": "Celebrations", "count": 1}, {"name": "Cerebos", "count": 1}, {"name": "Cesar", "count": 4}, {"name": "Cesar Primeur", "count": 1}, {"name": "Chacon", "count": 10}, {"name": "Chalet", "count": 1}, {"name": "Chamois d'Or", "count": 1}, {"name": "Champagne Montaudon", "count": 2}, {"name": "Chanflor", "count": 1}, {"name": "Charles Li\u00e9geois", "count": 1}, {"name": "Chatar", "count": 3}, {"name": "Chaumes", "count": 3}, {"name": "Chauss\u00e9e Aux Moines", "count": 1}, {"name": "Chavroux", "count": 4}, {"name": "Cheetos Chipito", "count": 1}, {"name": "Cheminett", "count": 1}, {"name": "Cherry Chouffe", "count": 1}, {"name": "Cherry Rocher", "count": 1}, {"name": "Chevalier No\u00ebl", "count": 2}, {"name": "Chez Bacano", "count": 1}, {"name": "Chimay", "count": 2}, {"name": "Chivas Regal", "count": 2}, {"name": "Choco Fun", "count": 4}, {"name": "Chocovit", "count": 1}, {"name": "Chouffe", "count": 3}, {"name": "Chouffe Coffee", "count": 1}, {"name": "Chupa Chups", "count": 3}, {"name": "Ch\u00e2teau Coufran", "count": 2}, {"name": "Ch\u00e2teau Crillon", "count": 1}, {"name": "Ch\u00e2teau Edmond de la Fontaine", "count": 1}, {"name": "Ch\u00e2teau Gigault", "count": 1}, {"name": "Ch\u00e2teau La Bern\u00e8de Grand Poujeaux", "count": 1}, {"name": "Ch\u00e2teau La Commanderie", "count": 1}, {"name": "Ch\u00e2teau Larose Trintaudon", "count": 2}, {"name": "Ch\u00e2teau Lestage", "count": 1}, {"name": "Ch\u00e2teau Marguerite", "count": 1}, {"name": "Ch\u00e2teau Pellot", "count": 1}, {"name": "Ch\u00e2teau Taureau", "count": 2}, {"name": "Ch\u00e2teau Tour Maillet", "count": 1}, {"name": "Ch\u00e2teau Vaugelas", "count": 1}, {"name": "Ch\u00e2teau Villadi\u00e8re", "count": 1}, {"name": "Ch\u00e2teau de Francs", "count": 1}, {"name": "Ch\u00e2teau de Parench\u00e8re", "count": 1}, {"name": "Ch\u00e2teau de Respide", "count": 1}, {"name": "Ch\u00e2teau de Valmer", "count": 1}, {"name": "Ch\u00e2teau des Fines Roches", "count": 1}, {"name": "Ch\u00e2teau des Jaume", "count": 1}, {"name": "Ch\u00e2teau le Logis de Sipian", "count": 1}, {"name": "Cif", "count": 2}, {"name": "Cillit Bang", "count": 2}, {"name": "Cirio", "count": 4}, {"name": "Claudio Quarta", "count": 1}, {"name": "Clausel", "count": 2}, {"name": "Clausthaler", "count": 3}, {"name": "Clean Mate", "count": 1}, {"name": "Clearasil", "count": 1}, {"name": "Clipper", "count": 7}, {"name": "Clos Grangeneuve", "count": 1}, {"name": "Clos Jangli", "count": 1}, {"name": "Cobolux", "count": 9}, {"name": "Coca-Cola", "count": 1}, {"name": "Coca-Cola Light", "count": 2}, {"name": "Coca-Cola Original Taste", "count": 8}, {"name": "Coca-Cola Zero Sugar", "count": 11}, {"name": "Cocagne", "count": 4}, {"name": "Cockburn's", "count": 10}, {"name": "Codice Vino", "count": 1}, {"name": "Coertjens", "count": 1}, {"name": "Cointreau", "count": 2}, {"name": "Colgate", "count": 3}, {"name": "Colgate Max White", "count": 2}, {"name": "Colgate Total", "count": 1}, {"name": "Colores Santos", "count": 2}, {"name": "Colruyt", "count": 50}, {"name": "Come A Casa", "count": 7}, {"name": "Compal", "count": 14}, {"name": "Compeed", "count": 1}, {"name": "Compo", "count": 2}, {"name": "Comte De Bredimus", "count": 1}, {"name": "Comtesse De Gramont", "count": 2}, {"name": "Contrex", "count": 2}, {"name": "Coral", "count": 2}, {"name": "Cordillera", "count": 2}, {"name": "Corega", "count": 5}, {"name": "Corine de Farme", "count": 3}, {"name": "Cornet", "count": 4}, {"name": "Cornetto", "count": 3}, {"name": "Corny", "count": 2}, {"name": "Corona", "count": 3}, {"name": "Corona Extra", "count": 2}, {"name": "Corsendonk", "count": 1}, {"name": "Cosy Moments", "count": 1}, {"name": "Cosy&Trendy", "count": 1}, {"name": "Cosynel", "count": 1}, {"name": "Courvoisier", "count": 1}, {"name": "Crest", "count": 1}, {"name": "Cricket", "count": 2}, {"name": "Cristaline", "count": 7}, {"name": "Croc Odor", "count": 1}, {"name": "Croco", "count": 1}, {"name": "Crodino", "count": 2}, {"name": "Croft", "count": 1}, {"name": "Croky", "count": 14}, {"name": "Croky Chips \u00e0 l'ancienne", "count": 1}, {"name": "Croky Explosions", "count": 2}, {"name": "Croky Superfrites", "count": 1}, {"name": "Crousti Salad", "count": 1}, {"name": "Crroxx", "count": 1}, {"name": "Crumbel", "count": 12}, {"name": "Curcucran", "count": 1}, {"name": "Curtius", "count": 2}, {"name": "Cuv\u00e9e Des Trolls", "count": 3}, {"name": "Cynar", "count": 1}, {"name": "C\u00e2teau La Croix Saint-Anne", "count": 1}, {"name": "C\u00e9c\u00e9mel", "count": 10}, {"name": "C\u00e9r\u00e9al", "count": 23}, {"name": "C\u00e9r\u00e9al Glucoregul", "count": 1}, {"name": "C\u00f4te d'Or", "count": 45}, {"name": "C\u00f4te d'Or Chokotoff", "count": 2}, {"name": "C\u00f4te d'Or Fin Intense", "count": 2}, {"name": "C\u00f4te d'Or L'Original", "count": 5}, {"name": "C\u00f4te d'Or Mignonnette", "count": 10}, {"name": "C\u00f4te d'Or Nougatti", "count": 2}, {"name": "C\u00f4te d'Or Zero", "count": 2}, {"name": "D'Or", "count": 1}, {"name": "D'fair M\u00ebllech", "count": 4}, {"name": "DANATEL", "count": 1}, {"name": "DBP", "count": 6}, {"name": "DELI DI PAOLO", "count": 1}, {"name": "Dallagiovanna", "count": 1}, {"name": "Dallmayr", "count": 2}, {"name": "Daloplast", "count": 2}, {"name": "Danette", "count": 5}, {"name": "Danio", "count": 9}, {"name": "Danlers", "count": 1}, {"name": "Danone", "count": 11}, {"name": "Danone Activia", "count": 10}, {"name": "Danone Dan'Up", "count": 1}, {"name": "Danone Danette", "count": 6}, {"name": "Danone Danonino", "count": 2}, {"name": "Danone Fruix", "count": 2}, {"name": "Danone Hipro", "count": 13}, {"name": "Danone Oikos", "count": 1}, {"name": "Danone Vitalinea", "count": 3}, {"name": "Danonino", "count": 1}, {"name": "Dash", "count": 15}, {"name": "Davitamon", "count": 9}, {"name": "Dbp", "count": 1}, {"name": "De Beukelaer", "count": 1}, {"name": "De Hobbit", "count": 1}, {"name": "De Moerenaar", "count": 3}, {"name": "Debic", "count": 3}, {"name": "Del Monte", "count": 13}, {"name": "Del Monte Gold", "count": 1}, {"name": "Delacre", "count": 6}, {"name": "Delacre Biarritz", "count": 1}, {"name": "Delacre B\u00e2tons", "count": 1}, {"name": "Delacre Canasta", "count": 1}, {"name": "Delacre Cigarettes Russes", "count": 1}, {"name": "Delacre D\u00e9lichoc", "count": 3}, {"name": "Delacre G\u00e2teau", "count": 2}, {"name": "Delacre Namur", "count": 1}, {"name": "Delacre Tea Time", "count": 1}, {"name": "Deli Reform", "count": 1}, {"name": "Delimelo", "count": 1}, {"name": "Delirio", "count": 1}, {"name": "Delirium", "count": 1}, {"name": "Delirium Tremens", "count": 1}, {"name": "Delizie di Calabria", "count": 1}, {"name": "Delta", "count": 15}, {"name": "Delta Q", "count": 1}, {"name": "Dely", "count": 1}, {"name": "Demak'Up", "count": 3}, {"name": "Den Ouden Advokaat", "count": 2}, {"name": "Denim", "count": 1}, {"name": "Dentalife", "count": 4}, {"name": "Desperados", "count": 2}, {"name": "Destop", "count": 8}, {"name": "Dettol", "count": 11}, {"name": "Devos Lemmens", "count": 49}, {"name": "Dextro Energy", "count": 2}, {"name": "Diadermine", "count": 19}, {"name": "Didden", "count": 2}, {"name": "Diekirch", "count": 13}, {"name": "Dilea", "count": 1}, {"name": "Dilea Zero Lactose", "count": 3}, {"name": "Dim", "count": 68}, {"name": "Diplom\u00e1tico", "count": 2}, {"name": "Disaronno", "count": 3}, {"name": "Disney", "count": 1}, {"name": "Disney Pixar Cars", "count": 1}, {"name": "Disney Reine des Neiges", "count": 1}, {"name": "Divella", "count": 12}, {"name": "Dixan", "count": 4}, {"name": "Dodoni", "count": 1}, {"name": "Dolly", "count": 1}, {"name": "Dom Duarte", "count": 1}, {"name": "Dom Lopo", "count": 2}, {"name": "Domaine Brusset", "count": 1}, {"name": "Domaine Le Champ des Murailles", "count": 1}, {"name": "Domaine Saint-Andr\u00e9", "count": 1}, {"name": "Domaine Saint-Paul", "count": 1}, {"name": "Don Papa", "count": 2}, {"name": "Doritos", "count": 6}, {"name": "Doritos Jimmy's", "count": 1}, {"name": "Dotz", "count": 4}, {"name": "Douwe Egberts", "count": 24}, {"name": "Dove", "count": 19}, {"name": "Dove Men+Care", "count": 8}, {"name": "Dr Pepper", "count": 1}, {"name": "Dr. Tom's", "count": 1}, {"name": "Dr.Beckmann", "count": 13}, {"name": "Dr.Oetker", "count": 29}, {"name": "Dr.Oetker Big Americans", "count": 3}, {"name": "Dr.Oetker Casa Di Mama", "count": 5}, {"name": "Dr.Oetker La Margherita", "count": 1}, {"name": "Dr.Oetker Paula", "count": 1}, {"name": "Dr.Oetker Ristorante", "count": 22}, {"name": "Dr.Oetker Saroma", "count": 5}, {"name": "Dr.Oetker Suprema", "count": 3}, {"name": "Dreft", "count": 18}, {"name": "Dreft Clean & Fresh", "count": 1}, {"name": "Dreft Max Power", "count": 4}, {"name": "Dreft Original", "count": 2}, {"name": "Dreft Platinum", "count": 4}, {"name": "Dreft Platinum Plus", "count": 4}, {"name": "Drouin", "count": 1}, {"name": "Dry Top", "count": 1}, {"name": "DryNites", "count": 4}, {"name": "Du Vrai Sirop de Li\u00e8ge", "count": 1}, {"name": "Duc De Lerme", "count": 2}, {"name": "Duc De Maravat", "count": 1}, {"name": "Duc de Lerme", "count": 3}, {"name": "Ducros", "count": 27}, {"name": "Duni", "count": 1}, {"name": "Durable", "count": 1}, {"name": "Duracell", "count": 19}, {"name": "Durex", "count": 15}, {"name": "Duvel", "count": 5}, {"name": "Duyvis Crac-A-Nut", "count": 4}, {"name": "Dymo", "count": 2}, {"name": "D\u00e9lio", "count": 5}, {"name": "EDMOND FONTAINE", "count": 1}, {"name": "Eau Ecarlate", "count": 5}, {"name": "Eau Pr\u00e9cieuse", "count": 1}, {"name": "Ebly", "count": 2}, {"name": "Econoce", "count": 1}, {"name": "Econom", "count": 30}, {"name": "Ecover", "count": 22}, {"name": "Edgard&Cooper", "count": 26}, {"name": "Edialux", "count": 1}, {"name": "Eezym", "count": 4}, {"name": "Effi", "count": 6}, {"name": "Ehrmann", "count": 9}, {"name": "Ekabe", "count": 16}, {"name": "ElPozo", "count": 1}, {"name": "Elixir d'Anvers", "count": 1}, {"name": "Ella's Kitchen", "count": 12}, {"name": "Elmex", "count": 5}, {"name": "Elovena", "count": 1}, {"name": "Elseve", "count": 11}, {"name": "Elvea", "count": 11}, {"name": "Emiliana", "count": 3}, {"name": "Emmi", "count": 2}, {"name": "Energizer", "count": 33}, {"name": "Entremont", "count": 2}, {"name": "Epson", "count": 9}, {"name": "Epur Natural", "count": 4}, {"name": "Equinox", "count": 1}, {"name": "Ercole Gagliano", "count": 1}, {"name": "Eres", "count": 31}, {"name": "Eristoff", "count": 6}, {"name": "Eristoff Red", "count": 1}, {"name": "Essay", "count": 1}, {"name": "Etna", "count": 1}, {"name": "Etoile du Quercy", "count": 1}, {"name": "Everyday", "count": 413}, {"name": "Evian", "count": 4}, {"name": "Evidanse", "count": 1}, {"name": "Ewald", "count": 1}, {"name": "Exacompta", "count": 1}, {"name": "Ezy", "count": 1}, {"name": "FAGE", "count": 3}, {"name": "FAIRMELLECH", "count": 18}, {"name": "FLANDRIEN", "count": 4}, {"name": "FLEUR de LAIT", "count": 6}, {"name": "FLORADIX", "count": 1}, {"name": "FM", "count": 2}, {"name": "FNK Pro", "count": 2}, {"name": "FOCUSWATER", "count": 1}, {"name": "Fa", "count": 11}, {"name": "Fa Men", "count": 2}, {"name": "Fa kids", "count": 2}, {"name": "Fackelmann", "count": 10}, {"name": "Fagnes", "count": 1}, {"name": "Fairebel", "count": 2}, {"name": "Fama", "count": 1}, {"name": "Familia Torres", "count": 1}, {"name": "Famille Bougrier", "count": 1}, {"name": "Famille Skalli", "count": 1}, {"name": "Fanta", "count": 15}, {"name": "Fantini", "count": 4}, {"name": "Farin'Up", "count": 1}, {"name": "Farmland", "count": 2}, {"name": "Febreze", "count": 5}, {"name": "Felix", "count": 18}, {"name": "Feller", "count": 1}, {"name": "Ferreira", "count": 1}, {"name": "Ferrero", "count": 1}, {"name": "Ferrero Rocher", "count": 2}, {"name": "Feuille d'Or", "count": 5}, {"name": "Fever-Tree", "count": 8}, {"name": "Filippo Berio", "count": 2}, {"name": "Filliers", "count": 5}, {"name": "Finish", "count": 6}, {"name": "Finish Power", "count": 2}, {"name": "Finish Protector", "count": 1}, {"name": "Finish Quantum", "count": 4}, {"name": "Finish Ultimate", "count": 1}, {"name": "Finish Ultimate Plus", "count": 1}, {"name": "Fiordifrutta", "count": 2}, {"name": "Fireball", "count": 1}, {"name": "Fitaform", "count": 1}, {"name": "Fixodent", "count": 2}, {"name": "Flavori", "count": 3}, {"name": "Flodor", "count": 2}, {"name": "Flor de Ca\u00f1a", "count": 1}, {"name": "Florette", "count": 8}, {"name": "Flying Goose", "count": 2}, {"name": "Focuswater", "count": 2}, {"name": "Folat", "count": 11}, {"name": "Forever", "count": 2}, {"name": "Fourchette", "count": 2}, {"name": "Franu\u00ed", "count": 1}, {"name": "Franziskaner", "count": 4}, {"name": "Freixenet", "count": 4}, {"name": "Fresh Mushroom", "count": 3}, {"name": "Friedrich Herder", "count": 1}, {"name": "Frisk", "count": 12}, {"name": "Friskies", "count": 14}, {"name": "Fristi", "count": 2}, {"name": "Frize", "count": 2}, {"name": "Frolic", "count": 1}, {"name": "Frosch", "count": 4}, {"name": "Fruit Oase", "count": 1}, {"name": "Fruit-tella", "count": 3}, {"name": "Fulfil", "count": 4}, {"name": "Funck-Bricher", "count": 1}, {"name": "Funny", "count": 3}, {"name": "Funny Candy", "count": 2}, {"name": "Fuso", "count": 1}, {"name": "Fuze Tea", "count": 9}, {"name": "Fuzetea", "count": 4}, {"name": "GALODORO", "count": 1}, {"name": "GAZI", "count": 1}, {"name": "GEHWOL", "count": 3}, {"name": "GUARANA", "count": 2}, {"name": "Gabriel", "count": 1}, {"name": "Gagliano", "count": 1}, {"name": "Galbani", "count": 12}, {"name": "Gancia", "count": 1}, {"name": "Ganda", "count": 2}, {"name": "Gaoyi", "count": 2}, {"name": "Garcia Baquero", "count": 2}, {"name": "Garden Gourmet", "count": 16}, {"name": "Garmello", "count": 2}, {"name": "Garnier", "count": 41}, {"name": "Garnier Belle Color", "count": 9}, {"name": "Garnier Fructis", "count": 4}, {"name": "Garnier Ultra Doux", "count": 4}, {"name": "Garofalo", "count": 9}, {"name": "Gaston F\u00e9bus", "count": 1}, {"name": "Gastone Lago", "count": 1}, {"name": "Gazi", "count": 1}, {"name": "Gefu", "count": 2}, {"name": "Geldhof", "count": 1}, {"name": "Gerlin\u00e9a", "count": 22}, {"name": "Germain", "count": 4}, {"name": "Gerolsteiner", "count": 6}, {"name": "Get 27", "count": 1}, {"name": "Gicopa", "count": 1}, {"name": "Gillette", "count": 7}, {"name": "Gillette Blue II", "count": 1}, {"name": "Gillette Contour Plus", "count": 1}, {"name": "Gillette Fusion", "count": 4}, {"name": "Gillette Fusion Proglide", "count": 2}, {"name": "Gillette Labs", "count": 3}, {"name": "Gillette Mach3", "count": 3}, {"name": "Gillette Sensor 3", "count": 2}, {"name": "Gillette Series", "count": 2}, {"name": "Gillette Venus", "count": 5}, {"name": "Gimber", "count": 4}, {"name": "Gin Mare", "count": 1}, {"name": "Gin Mg", "count": 2}, {"name": "Gini", "count": 2}, {"name": "Giovanni Rana", "count": 13}, {"name": "Glade", "count": 9}, {"name": "Glade Touch & Fresh", "count": 1}, {"name": "Glen Moray", "count": 1}, {"name": "Glenfiddich", "count": 1}, {"name": "Glenkinchie", "count": 1}, {"name": "Gloria Vanderbilt", "count": 1}, {"name": "Glorix", "count": 1}, {"name": "Glucamed", "count": 1}, {"name": "Godiva", "count": 1}, {"name": "Good Go\u00fbt", "count": 6}, {"name": "Goodmark", "count": 1}, {"name": "Gordon", "count": 1}, {"name": "Gordon Finest Gold", "count": 1}, {"name": "Gordon Finest Platinum", "count": 1}, {"name": "Gordon's", "count": 5}, {"name": "Gouden Carolus", "count": 2}, {"name": "Gourmet", "count": 19}, {"name": "Gourmet Gold", "count": 1}, {"name": "Graefke", "count": 1}, {"name": "Graindor", "count": 36}, {"name": "Gran Baron", "count": 9}, {"name": "Gran Bar\u00f3n", "count": 1}, {"name": "Grand Marnier", "count": 1}, {"name": "Grand Pont", "count": 1}, {"name": "Granini", "count": 5}, {"name": "Granoro", "count": 5}, {"name": "Grant's", "count": 2}, {"name": "Green-e", "count": 2}, {"name": "Greenprotect", "count": 1}, {"name": "Greenway", "count": 4}, {"name": "Grenade", "count": 2}, {"name": "Grey Goose", "count": 1}, {"name": "Grimbergen", "count": 7}, {"name": "Grisette", "count": 1}, {"name": "Guinness", "count": 2}, {"name": "Gum", "count": 1}, {"name": "Gum Soft-Picks", "count": 4}, {"name": "Gum Trav-Ler", "count": 2}, {"name": "G\u00e9rard Bertrand", "count": 3}, {"name": "HAMER'S", "count": 2}, {"name": "HENGLEIN", "count": 1}, {"name": "HG", "count": 25}, {"name": "HP", "count": 41}, {"name": "Habi", "count": 1}, {"name": "Hak", "count": 15}, {"name": "Hakubaku", "count": 1}, {"name": "Halideal", "count": 1}, {"name": "Halwa", "count": 3}, {"name": "Hans Baer", "count": 1}, {"name": "Hansaplast", "count": 14}, {"name": "Hapkin", "count": 1}, {"name": "HappySoaps", "count": 3}, {"name": "Hardy's", "count": 1}, {"name": "Haribo", "count": 25}, {"name": "Harpic", "count": 5}, {"name": "Harpic Power Plus", "count": 2}, {"name": "Harrys", "count": 2}, {"name": "Hass", "count": 1}, {"name": "Hasselt Kaff\u00e9 Smeets", "count": 1}, {"name": "Haust", "count": 3}, {"name": "Havana Club", "count": 5}, {"name": "Hawai", "count": 1}, {"name": "Head&Shoulders", "count": 1}, {"name": "Hear Low", "count": 1}, {"name": "Hecho Mano", "count": 1}, {"name": "Heineken", "count": 3}, {"name": "Heinz", "count": 14}, {"name": "Hell", "count": 3}, {"name": "Hellmann's", "count": 1}, {"name": "Hendrick's", "count": 1}, {"name": "Hennessy", "count": 1}, {"name": "Henri de Floret", "count": 1}, {"name": "Hero Baby", "count": 1}, {"name": "Herta", "count": 17}, {"name": "Herta Knacki", "count": 2}, {"name": "Herta Superieur", "count": 1}, {"name": "Herve Soci\u00e9t\u00e9", "count": 1}, {"name": "Hi-Chew", "count": 3}, {"name": "Highland Park", "count": 1}, {"name": "Hipp", "count": 4}, {"name": "Hipp Combiotik", "count": 4}, {"name": "Hipp Pasta Bambini", "count": 2}, {"name": "Hipro", "count": 1}, {"name": "Hipro Danone", "count": 1}, {"name": "Hoegaarden", "count": 6}, {"name": "Holie", "count": 6}, {"name": "Hollywood", "count": 1}, {"name": "Hoogstraten", "count": 1}, {"name": "Hotcemel", "count": 1}, {"name": "Huggies", "count": 7}, {"name": "Huggies DryNites", "count": 3}, {"name": "Huggies Little Swimmers", "count": 2}, {"name": "Humer", "count": 4}, {"name": "Hup", "count": 1}, {"name": "H\u00e4agen-Dazs", "count": 4}, {"name": "H\u00e9par", "count": 1}, {"name": "IGLO", "count": 1}, {"name": "INfocus", "count": 14}, {"name": "Icefactory", "count": 1}, {"name": "Ideal", "count": 3}, {"name": "Iglo", "count": 18}, {"name": "Ijsboerke", "count": 9}, {"name": "Ijsboerke Icy Vegan", "count": 1}, {"name": "Il Gran Giardino", "count": 1}, {"name": "Illy", "count": 2}, {"name": "Imao", "count": 3}, {"name": "Imperial", "count": 24}, {"name": "Innocent", "count": 10}, {"name": "Innocent Super Smoothie", "count": 3}, {"name": "Innovis", "count": 1}, {"name": "Instanet", "count": 2}, {"name": "Integral", "count": 12}, {"name": "Intimy", "count": 1}, {"name": "Isey Skyr", "count": 4}, {"name": "Isfi", "count": 2}, {"name": "Isigny Ste M\u00e8re", "count": 1}, {"name": "Isolabella", "count": 2}, {"name": "Isostar", "count": 4}, {"name": "Itsu", "count": 3}, {"name": "J&B", "count": 2}, {"name": "JP. Chenet", "count": 7}, {"name": "Jack Daniel's", "count": 5}, {"name": "Jacobs", "count": 2}, {"name": "Jacqmotte", "count": 3}, {"name": "Jacques", "count": 4}, {"name": "Jacquet", "count": 2}, {"name": "Jaillance", "count": 1}, {"name": "Jameson", "count": 1}, {"name": "Jim Beam", "count": 2}, {"name": "Jimmy's", "count": 4}, {"name": "Johannes Egberts", "count": 1}, {"name": "Johnnie Walker", "count": 1}, {"name": "Johnnie Walker Black Label", "count": 2}, {"name": "Johnnie Walker Red Label", "count": 1}, {"name": "Johnson Pledge", "count": 4}, {"name": "Johnson's Baby", "count": 3}, {"name": "Joppiesaus", "count": 1}, {"name": "Jordan", "count": 5}, {"name": "Jordans", "count": 5}, {"name": "Joris", "count": 2}, {"name": "Joyfuel", "count": 3}, {"name": "Joyvalle", "count": 1}, {"name": "Jozo", "count": 1}, {"name": "Jules Destrooper", "count": 7}, {"name": "Jupiler", "count": 7}, {"name": "Jupiler 0.0%", "count": 2}, {"name": "Jupiler Blue", "count": 1}, {"name": "JuraFlore", "count": 1}, {"name": "Justin Bridou Le B\u00e2ton de Berger", "count": 1}, {"name": "Juvamine", "count": 7}, {"name": "Juypal", "count": 1}, {"name": "J\u00e4germeister", "count": 2}, {"name": "K2R", "count": 1}, {"name": "Kalamundi", "count": 2}, {"name": "Kanen", "count": 1}, {"name": "Kangourou", "count": 1}, {"name": "Kasteel", "count": 5}, {"name": "Kathy", "count": 3}, {"name": "Keeeper", "count": 5}, {"name": "Kellerei St. Pauls", "count": 1}, {"name": "Kellogg's", "count": 4}, {"name": "Kellogg's All-Bran", "count": 1}, {"name": "Kellogg's Coco Pops", "count": 2}, {"name": "Kellogg's Corn Flakes", "count": 1}, {"name": "Kellogg's Extra", "count": 4}, {"name": "Kellogg's Frosties", "count": 1}, {"name": "Kellogg's Miel Pops", "count": 2}, {"name": "Kellogg's Rice Krispies", "count": 1}, {"name": "Kellogg's Smacks", "count": 1}, {"name": "Kellogg's Special K", "count": 8}, {"name": "Kellogg's Tr\u00e9sor", "count": 4}, {"name": "Kerrygold", "count": 1}, {"name": "Kettle", "count": 1}, {"name": "Kettle Veg Chips", "count": 1}, {"name": "Kidibul", "count": 7}, {"name": "Kikkoman", "count": 2}, {"name": "Kinder", "count": 6}, {"name": "Kinder Bueno", "count": 5}, {"name": "Kinder Chocolate", "count": 1}, {"name": "Kinder D\u00e9lice", "count": 1}, {"name": "Kinder Joy", "count": 1}, {"name": "Kinder Schoko-Bons", "count": 1}, {"name": "King", "count": 2}, {"name": "King C. Gillette", "count": 1}, {"name": "Kiri", "count": 3}, {"name": "Kitkat", "count": 1}, {"name": "Klaaar", "count": 1}, {"name": "Kleenex", "count": 4}, {"name": "Knoppers", "count": 4}, {"name": "Knorr", "count": 87}, {"name": "Knorr Primerba", "count": 2}, {"name": "Koala Products", "count": 8}, {"name": "Koetjesreep", "count": 2}, {"name": "Koningsgist", "count": 1}, {"name": "Kraft", "count": 1}, {"name": "Kri Kri", "count": 2}, {"name": "Kriket", "count": 3}, {"name": "Krisprolls", "count": 3}, {"name": "Krit", "count": 1}, {"name": "Kuchenmeister", "count": 1}, {"name": "Kwatta", "count": 7}, {"name": "K\u00fchne", "count": 3}, {"name": "L'Aurore", "count": 1}, {"name": "L'Exquis", "count": 1}, {"name": "L'Or Espresso", "count": 7}, {"name": "L'Or\u00e9al", "count": 4}, {"name": "L'Or\u00e9al Paris", "count": 65}, {"name": "L'Or\u00e9al Paris Elnett Satin", "count": 5}, {"name": "L'Or\u00e9al Paris Elseve", "count": 6}, {"name": "L'Or\u00e9al Paris Garnier", "count": 1}, {"name": "L'Or\u00e9al Paris Magic Retouch", "count": 3}, {"name": "L'Or\u00e9al Paris Men Expert", "count": 4}, {"name": "L'Or\u00e9al Paris Revitalift", "count": 2}, {"name": "L'Or\u00e9al Paris Studio Line", "count": 4}, {"name": "L'\u00c9toile", "count": 4}, {"name": "LA GAUMAISE", "count": 1}, {"name": "LA PETITE REDOUTABLE", "count": 1}, {"name": "LE BOUCHER V\u00c9G\u00c9TARIEN", "count": 9}, {"name": "LE MOULIN", "count": 15}, {"name": "LET'Z", "count": 3}, {"name": "LICOR 35", "count": 1}, {"name": "LINDAHLS", "count": 2}, {"name": "LINDAHLS Nestl\u00e9", "count": 1}, {"name": "LODYSS", "count": 3}, {"name": "LU", "count": 10}, {"name": "LU Bastogne", "count": 1}, {"name": "LU Betterfood", "count": 1}, {"name": "LU Cent Wafer", "count": 2}, {"name": "LU Cha-Cha", "count": 1}, {"name": "LU Choco As", "count": 1}, {"name": "LU Cracotte", "count": 1}, {"name": "LU Grany", "count": 4}, {"name": "LU Heudebert", "count": 3}, {"name": "LU LULU", "count": 5}, {"name": "LU Mikado", "count": 3}, {"name": "LU Parovita", "count": 2}, {"name": "LU Petit Beukelaer", "count": 1}, {"name": "LU Pim's", "count": 1}, {"name": "LU Prince", "count": 3}, {"name": "LU Prince Choco Prince", "count": 2}, {"name": "LU Prince Ministars", "count": 3}, {"name": "LU Tuc", "count": 2}, {"name": "LU Vitabis", "count": 1}, {"name": "LU V\u00e9ritable Petit Beurre", "count": 2}, {"name": "LU belVita", "count": 3}, {"name": "La Barraca", "count": 1}, {"name": "La Capitainerie", "count": 2}, {"name": "La Chouffe", "count": 1}, {"name": "La Croix", "count": 6}, {"name": "La Croix Fourget", "count": 1}, {"name": "La Croix de Paty", "count": 1}, {"name": "La Gioiosa", "count": 1}, {"name": "La Guardiense", "count": 1}, {"name": "La Lorraine", "count": 1}, {"name": "La Macina Ligure", "count": 1}, {"name": "La Main Bleue", "count": 1}, {"name": "La Menorquina", "count": 1}, {"name": "La M\u00e8re Poulard", "count": 2}, {"name": "La Redoutable", "count": 1}, {"name": "La Trappe", "count": 3}, {"name": "La Vache Qui Rit", "count": 6}, {"name": "La Vache Qui Rit Pik & Croq'", "count": 1}, {"name": "La Vida Vegan", "count": 1}, {"name": "La William", "count": 11}, {"name": "La vieille abbaye", "count": 1}, {"name": "Label 5", "count": 1}, {"name": "Labello", "count": 6}, {"name": "Labeyrie", "count": 1}, {"name": "Lacroix", "count": 4}, {"name": "Lactacyd", "count": 2}, {"name": "Lactel", "count": 1}, {"name": "Lagunitas", "count": 1}, {"name": "Landana", "count": 2}, {"name": "Lansinoh", "count": 2}, {"name": "Laphroaig", "count": 1}, {"name": "Larios", "count": 1}, {"name": "Laslo", "count": 1}, {"name": "Latte Carso", "count": 1}, {"name": "Latteria Soresina Gran Soresina", "count": 3}, {"name": "Laurent-Perrier", "count": 2}, {"name": "Lavazza", "count": 12}, {"name": "Lay's", "count": 12}, {"name": "Lay's Bugles", "count": 3}, {"name": "Lay's Grills", "count": 1}, {"name": "Lay's Grills Grills", "count": 1}, {"name": "Lay's MAX", "count": 6}, {"name": "Lay's Mama Mia's", "count": 1}, {"name": "Lay's Max", "count": 1}, {"name": "Lay's Ringlings", "count": 1}, {"name": "Lay's Sensations", "count": 2}, {"name": "Lay\u2019s Oven Baked", "count": 3}, {"name": "Le Cavalier-Roi", "count": 1}, {"name": "Le Chat", "count": 10}, {"name": "Le Menaudat", "count": 1}, {"name": "Le Moulin 1704", "count": 3}, {"name": "Le Pain Des Fleurs", "count": 2}, {"name": "Le Petit Marseillais", "count": 14}, {"name": "Le Peyrat", "count": 2}, {"name": "Le Pr\u00e9 Clos", "count": 1}, {"name": "Le Rustique", "count": 2}, {"name": "Le Sucre de Tirlemont", "count": 1}, {"name": "Le Sucre de Tirlemont Ti'Light", "count": 1}, {"name": "Le Vieux Pan\u00e9", "count": 1}, {"name": "Le conserve della Nonna", "count": 1}, {"name": "Lea Perrins", "count": 1}, {"name": "Ledent", "count": 5}, {"name": "Leerdam", "count": 1}, {"name": "Leerdammer", "count": 9}, {"name": "Leev", "count": 1}, {"name": "Leffe", "count": 13}, {"name": "Leffe Ruby", "count": 1}, {"name": "Lego", "count": 3}, {"name": "Lego City", "count": 2}, {"name": "Lego Friends", "count": 6}, {"name": "Leibniz", "count": 2}, {"name": "Leibniz Zoo", "count": 1}, {"name": "Leman Cake Decorations", "count": 1}, {"name": "Lenor", "count": 7}, {"name": "Lenor Unstoppables", "count": 1}, {"name": "Les B\u00e9casses", "count": 1}, {"name": "Les Hauts Rocs", "count": 6}, {"name": "Les Hauts de Granget", "count": 1}, {"name": "Les Sucres De Tirlemont", "count": 9}, {"name": "Les Trois \u00c9glises", "count": 1}, {"name": "Les Vignerons de Domaines Vinsmoselle", "count": 1}, {"name": "Licor 43", "count": 2}, {"name": "Liebig", "count": 25}, {"name": "Liefmans", "count": 2}, {"name": "Lillet", "count": 1}, {"name": "Lima", "count": 2}, {"name": "Limoncello Di Sicilia", "count": 1}, {"name": "Lindemans", "count": 1}, {"name": "Lindt Creation", "count": 1}, {"name": "Lindt Excellence", "count": 8}, {"name": "Lindt Lindor", "count": 3}, {"name": "Linea", "count": 1}, {"name": "Lion", "count": 1}, {"name": "Lipton", "count": 24}, {"name": "Lipton Green", "count": 1}, {"name": "Lipton Green Zero", "count": 1}, {"name": "Lipton Zero", "count": 1}, {"name": "Listerine", "count": 2}, {"name": "Listerine Total Care", "count": 2}, {"name": "Loctite", "count": 5}, {"name": "Loda", "count": 2}, {"name": "Look O Look", "count": 8}, {"name": "Look O Look Chupa Chups", "count": 1}, {"name": "Lorenz", "count": 16}, {"name": "Lorenz Crunchips", "count": 6}, {"name": "Lorenz Curly", "count": 1}, {"name": "Lorenz Erdnu\u00dflocken", "count": 2}, {"name": "Lorenz Monster Munch", "count": 4}, {"name": "Lorenz Naturals", "count": 1}, {"name": "Lorenz Pomsticks", "count": 2}, {"name": "Los Condes", "count": 1}, {"name": "Lotus", "count": 23}, {"name": "Lotus Baby", "count": 1}, {"name": "Lotus Biscoff", "count": 15}, {"name": "Lotus Dinosaurus", "count": 5}, {"name": "Lotus Suzy", "count": 9}, {"name": "Lotus Suzy Jumbo", "count": 1}, {"name": "Louis Couturier", "count": 1}, {"name": "Love Cat", "count": 1}, {"name": "Love Condom", "count": 1}, {"name": "Lu", "count": 2}, {"name": "Lupulus", "count": 3}, {"name": "Lutti", "count": 20}, {"name": "Lutti Oh-La-La", "count": 1}, {"name": "Luxlait", "count": 16}, {"name": "Lyma", "count": 1}, {"name": "L\u00e4tta", "count": 1}, {"name": "L\u00ebt'z Ee\u00ebr", "count": 2}, {"name": "L\u00ebt'z Hunneg", "count": 1}, {"name": "L\u00ebt'z Kola", "count": 1}, {"name": "L\u00ebt'z Limo", "count": 2}, {"name": "L\u00ebtz Coffee", "count": 2}, {"name": "M&M's", "count": 9}, {"name": "MOUTARDERIE DE LUXEMBOURG", "count": 1}, {"name": "Maaza", "count": 3}, {"name": "Macieira", "count": 1}, {"name": "Mackay", "count": 1}, {"name": "Maes", "count": 3}, {"name": "Maggi", "count": 1}, {"name": "Magnemed", "count": 1}, {"name": "Magnum", "count": 10}, {"name": "Maille", "count": 2}, {"name": "Maison & Domaines Les Alexandrins", "count": 1}, {"name": "Maison Perrier", "count": 4}, {"name": "Maistres Occitans", "count": 1}, {"name": "Maizena", "count": 1}, {"name": "Maizena Express", "count": 2}, {"name": "Maizena Roux", "count": 2}, {"name": "Malibu", "count": 1}, {"name": "Maltesers", "count": 1}, {"name": "Mandarine Napol\u00e9on", "count": 1}, {"name": "Mangaroca Batida de C\u00f4co", "count": 1}, {"name": "Manna", "count": 5}, {"name": "Mannekes", "count": 2}, {"name": "Maoam", "count": 1}, {"name": "Maped", "count": 7}, {"name": "Marcassou", "count": 5}, {"name": "Marcati", "count": 1}, {"name": "Maredsous", "count": 15}, {"name": "Marhaba", "count": 1}, {"name": "Maria Jola", "count": 2}, {"name": "Marie Galante", "count": 32}, {"name": "Marie Thumas", "count": 3}, {"name": "Marquis de Villon", "count": 3}, {"name": "Mars", "count": 2}, {"name": "Marsel", "count": 4}, {"name": "Martini", "count": 7}, {"name": "Mas Pere", "count": 1}, {"name": "MasQueNada", "count": 1}, {"name": "Masso Antico", "count": 3}, {"name": "Materne", "count": 27}, {"name": "Materne Nostalgie", "count": 2}, {"name": "Mateus", "count": 1}, {"name": "Maxxus", "count": 1}, {"name": "Maya", "count": 2}, {"name": "Maybelline", "count": 28}, {"name": "Maybelline Lash Sensational", "count": 6}, {"name": "Maybelline Lash Sensational Sky High", "count": 6}, {"name": "Maybelline Super Stay", "count": 20}, {"name": "Maybelline The Falsies", "count": 2}, {"name": "Maybelline Volum 'Express", "count": 6}, {"name": "McCain", "count": 1}, {"name": "Mccain", "count": 9}, {"name": "Medisana", "count": 1}, {"name": "Meggle", "count": 1}, {"name": "Meica", "count": 1}, {"name": "Mekkafood", "count": 5}, {"name": "Meli", "count": 7}, {"name": "Melitta", "count": 11}, {"name": "Melkmeisje", "count": 3}, {"name": "Melkunie Breaker", "count": 2}, {"name": "Men Expert", "count": 2}, {"name": "Mennen", "count": 1}, {"name": "Mentos", "count": 19}, {"name": "Mentos Pure Fresh", "count": 1}, {"name": "Merci", "count": 6}, {"name": "Mercurochrome", "count": 11}, {"name": "Mercurochrome Pok\u00e9mon", "count": 1}, {"name": "Meridol", "count": 1}, {"name": "Merito", "count": 1}, {"name": "Meule Du Besac", "count": 1}, {"name": "Meurens", "count": 1}, {"name": "Meyer", "count": 6}, {"name": "MiLanGo", "count": 1}, {"name": "Miguel Fuerte", "count": 3}, {"name": "Miguel Torres", "count": 3}, {"name": "Milcamps", "count": 1}, {"name": "Milka", "count": 13}, {"name": "Milka Leo", "count": 8}, {"name": "Milka Melo-Cakes", "count": 1}, {"name": "Milka Oreo", "count": 1}, {"name": "Milky Way", "count": 2}, {"name": "Mini Babybel", "count": 2}, {"name": "MinusL", "count": 9}, {"name": "Minute Maid", "count": 5}, {"name": "Mionetto", "count": 4}, {"name": "Miracoli", "count": 7}, {"name": "Moerman", "count": 10}, {"name": "Moinette", "count": 2}, {"name": "Monge", "count": 3}, {"name": "Monin", "count": 2}, {"name": "Monster", "count": 5}, {"name": "Monster Energy", "count": 3}, {"name": "Montenauer", "count": 4}, {"name": "Montgras", "count": 2}, {"name": "Mora", "count": 4}, {"name": "Mousline", "count": 1}, {"name": "Mousse De Lin", "count": 4}, {"name": "Moutarderie de Luxembourg", "count": 10}, {"name": "Mo\u00ebt & Chandon", "count": 1}, {"name": "Mr.Propre", "count": 9}, {"name": "Mud House", "count": 1}, {"name": "Mumm Cordon Rouge", "count": 1}, {"name": "Munchkin", "count": 2}, {"name": "Muscat Beaumes De Venise", "count": 1}, {"name": "Museum", "count": 1}, {"name": "Mutti", "count": 6}, {"name": "M\u00f6venpick", "count": 1}, {"name": "N.A!", "count": 1}, {"name": "NESTL\u00c9 CARO", "count": 1}, {"name": "Naaprep", "count": 1}, {"name": "Nalu", "count": 3}, {"name": "Nalys", "count": 3}, {"name": "Napoleon", "count": 2}, {"name": "Natura", "count": 1}, {"name": "Nature Valley", "count": 6}, {"name": "Nazareth", "count": 1}, {"name": "Na\u00eff", "count": 6}, {"name": "Nemea", "count": 1}, {"name": "Nescaf\u00e9", "count": 4}, {"name": "Nescaf\u00e9 Dolce Gusto", "count": 20}, {"name": "Nescaf\u00e9 Farmers Origins", "count": 3}, {"name": "Nescaf\u00e9 Gold", "count": 6}, {"name": "Nescaf\u00e9 Select", "count": 2}, {"name": "Nestl\u00e9", "count": 16}, {"name": "Nestl\u00e9 Baby cereals", "count": 3}, {"name": "Nestl\u00e9 Baby fruit", "count": 3}, {"name": "Nestl\u00e9 Bonjour", "count": 1}, {"name": "Nestl\u00e9 Cerelac", "count": 2}, {"name": "Nestl\u00e9 Coffee-Mate", "count": 1}, {"name": "Nestl\u00e9 Crunch", "count": 1}, {"name": "Nestl\u00e9 Extr\u00eame", "count": 2}, {"name": "Nestl\u00e9 Fitness", "count": 4}, {"name": "Nestl\u00e9 Galak", "count": 5}, {"name": "Nestl\u00e9 Kitkat", "count": 4}, {"name": "Nestl\u00e9 LINDAHLS", "count": 6}, {"name": "Nestl\u00e9 La Laiti\u00e8re", "count": 12}, {"name": "Nestl\u00e9 Le Viennois", "count": 2}, {"name": "Nestl\u00e9 Lion", "count": 3}, {"name": "Nestl\u00e9 Nan Optipro", "count": 7}, {"name": "Nestl\u00e9 Nescaf\u00e9 Dolce Gusto Nesquik", "count": 1}, {"name": "Nestl\u00e9 Nesquik", "count": 5}, {"name": "Nestl\u00e9 Pure Life", "count": 2}, {"name": "Nestl\u00e9 Ricor\u00e9", "count": 1}, {"name": "Nestl\u00e9 Smarties", "count": 2}, {"name": "Nestl\u00e9 Yogolino", "count": 12}, {"name": "Neutrogena", "count": 13}, {"name": "New York", "count": 2}, {"name": "Niamh", "count": 4}, {"name": "Nicolas Feuillatte", "count": 1}, {"name": "Nicols", "count": 1}, {"name": "Night Orient", "count": 7}, {"name": "Nirosta", "count": 1}, {"name": "Nisita", "count": 4}, {"name": "Nissin", "count": 3}, {"name": "Nissin Soba", "count": 6}, {"name": "Nissui", "count": 1}, {"name": "Nivea", "count": 89}, {"name": "Nivea Men", "count": 16}, {"name": "Nivea Visage", "count": 4}, {"name": "No Bullshit", "count": 2}, {"name": "Noberasco", "count": 6}, {"name": "Nobre", "count": 1}, {"name": "Nocciolata", "count": 5}, {"name": "Nolens", "count": 1}, {"name": "Noliko", "count": 2}, {"name": "Noord Hollander", "count": 5}, {"name": "Nostalgie Materne", "count": 1}, {"name": "Nostik", "count": 3}, {"name": "Notte Rossa", "count": 1}, {"name": "Nuby", "count": 2}, {"name": "Nut's Amore", "count": 5}, {"name": "Nutella", "count": 4}, {"name": "Nutricia Nutrilon", "count": 8}, {"name": "Nutricia Olvarit", "count": 3}, {"name": "Nutroma", "count": 4}, {"name": "Nuts", "count": 1}, {"name": "Nuts&Berries", "count": 2}, {"name": "N\u00fbby", "count": 1}, {"name": "O.B.", "count": 6}, {"name": "OBENTO", "count": 2}, {"name": "OUZO", "count": 1}, {"name": "Oasis", "count": 8}, {"name": "Oasis Mini", "count": 1}, {"name": "Oatly!", "count": 4}, {"name": "Ocean Spray", "count": 2}, {"name": "Office", "count": 2}, {"name": "Offley", "count": 3}, {"name": "Oh, Baby!", "count": 4}, {"name": "Oikos", "count": 14}, {"name": "Okay", "count": 3}, {"name": "Okult", "count": 1}, {"name": "Ola", "count": 5}, {"name": "Ola Cornetto", "count": 2}, {"name": "Ola Magnum", "count": 2}, {"name": "Ola Viennetta", "count": 1}, {"name": "Old Amsterdam", "count": 2}, {"name": "Old Smuggler", "count": 1}, {"name": "Oliveira Da Serra", "count": 1}, {"name": "Olvarit", "count": 23}, {"name": "Olvarit Nutricia", "count": 4}, {"name": "Omer", "count": 2}, {"name": "Omino Bianco", "count": 6}, {"name": "Omnibionta", "count": 9}, {"name": "Oral-B", "count": 12}, {"name": "Oral-B 3D White", "count": 3}, {"name": "Oral-B Complete", "count": 2}, {"name": "Oral-B Pro-Expert", "count": 5}, {"name": "Orangina", "count": 1}, {"name": "Orca", "count": 8}, {"name": "Ordal", "count": 1}, {"name": "Oreo", "count": 4}, {"name": "Organix", "count": 3}, {"name": "OrienBites", "count": 1}, {"name": "Original Wagner", "count": 13}, {"name": "Original Wagner Big City", "count": 4}, {"name": "Original Wagner Piccolinis", "count": 2}, {"name": "Ortis", "count": 12}, {"name": "Orval", "count": 1}, {"name": "Ossewit", "count": 1}, {"name": "Othon Schmitt", "count": 3}, {"name": "Ovomaltine", "count": 1}, {"name": "Oxfam Fair Trade", "count": 1}, {"name": "PATER LIEVENS", "count": 1}, {"name": "POLL-FABAIRE", "count": 7}, {"name": "POUSIO", "count": 1}, {"name": "Pacha", "count": 2}, {"name": "Paiva", "count": 4}, {"name": "Paix Dieu", "count": 2}, {"name": "Palmolive", "count": 8}, {"name": "Pampero", "count": 1}, {"name": "Pampers", "count": 21}, {"name": "Pampers Premium Protection", "count": 7}, {"name": "Panelux", "count": 1}, {"name": "Pantene", "count": 4}, {"name": "Pantene Pro-V", "count": 1}, {"name": "Panzani", "count": 1}, {"name": "Paolo", "count": 2}, {"name": "Papillon", "count": 3}, {"name": "Paranix", "count": 1}, {"name": "Parker", "count": 6}, {"name": "Parmareggio", "count": 2}, {"name": "Parodontax", "count": 2}, {"name": "Party Stars", "count": 1}, {"name": "Paschka", "count": 1}, {"name": "Pasquier", "count": 1}, {"name": "Pasquier Pitch", "count": 2}, {"name": "Passendale", "count": 6}, {"name": "Passo\u00e3", "count": 2}, {"name": "Patak's The Original", "count": 1}, {"name": "Patislove", "count": 1}, {"name": "Patron", "count": 1}, {"name": "Pattex", "count": 3}, {"name": "Paulaner", "count": 1}, {"name": "Pav\u00e9 d'Affinois", "count": 1}, {"name": "Paw Patrol", "count": 6}, {"name": "Paysan Breton", "count": 1}, {"name": "Paysan Breton Madame Lo\u00efk", "count": 4}, {"name": "Pedigree", "count": 13}, {"name": "Pedigree Biscrok", "count": 1}, {"name": "Pedigree Dentastix", "count": 5}, {"name": "Pedigree Jumbone", "count": 2}, {"name": "Pedigree Markies", "count": 1}, {"name": "Pedigree Schmackos", "count": 2}, {"name": "Pedras Salgadas", "count": 1}, {"name": "Pelikan", "count": 2}, {"name": "PepUp Vitamines", "count": 5}, {"name": "Pepsi", "count": 2}, {"name": "Pepsi Zero Sugar", "count": 6}, {"name": "Perfect Fit", "count": 6}, {"name": "Perrier", "count": 2}, {"name": "Persil", "count": 11}, {"name": "Pet's Own Choice", "count": 2}, {"name": "Peterman", "count": 3}, {"name": "Petit Baron", "count": 1}, {"name": "Peugeot", "count": 1}, {"name": "Phare Du Cap Bon", "count": 1}, {"name": "Philadelphia", "count": 10}, {"name": "Philips", "count": 5}, {"name": "Philips Avent", "count": 10}, {"name": "Philips One Blade", "count": 2}, {"name": "Physalis", "count": 3}, {"name": "Piccantina", "count": 1}, {"name": "Picon", "count": 5}, {"name": "Piedboeuf", "count": 2}, {"name": "Pietro Coricelli", "count": 5}, {"name": "Pilot", "count": 7}, {"name": "Pindos", "count": 2}, {"name": "Pinsami", "count": 2}, {"name": "Piper-Heidsieck", "count": 3}, {"name": "Pisang Ambon", "count": 2}, {"name": "Plaimont", "count": 2}, {"name": "Planet B", "count": 1}, {"name": "Planta", "count": 1}, {"name": "Planteray", "count": 1}, {"name": "Playmobil", "count": 2}, {"name": "Plop", "count": 1}, {"name": "Pochat & Fils", "count": 1}, {"name": "Poco Loco", "count": 17}, {"name": "Point-Virgule", "count": 2}, {"name": "Poire Williams", "count": 1}, {"name": "Polaris", "count": 8}, {"name": "Poliakov", "count": 1}, {"name": "Poll-Fabaire", "count": 2}, {"name": "Poly Palette", "count": 5}, {"name": "Pommery", "count": 1}, {"name": "Poppies", "count": 2}, {"name": "Porminho", "count": 6}, {"name": "Port Salut", "count": 1}, {"name": "Porto Amuro", "count": 4}, {"name": "Porto Cruz", "count": 2}, {"name": "Posca", "count": 5}, {"name": "Post-it", "count": 3}, {"name": "Postel", "count": 5}, {"name": "Potato Chef", "count": 1}, {"name": "Powerade", "count": 1}, {"name": "Pringles", "count": 5}, {"name": "Pritt", "count": 8}, {"name": "Probar", "count": 2}, {"name": "Prosecco DOCG | La Gioiosa 75cl", "count": 1}, {"name": "Provamel", "count": 2}, {"name": "Prunier", "count": 2}, {"name": "Pr\u00e9sident", "count": 16}, {"name": "Pulco", "count": 2}, {"name": "Puma", "count": 2}, {"name": "Pundel", "count": 3}, {"name": "Pur Natur", "count": 27}, {"name": "Pure", "count": 1}, {"name": "Pure Via", "count": 6}, {"name": "Purina Felix", "count": 1}, {"name": "Purina ONE", "count": 15}, {"name": "Purina One", "count": 2}, {"name": "Pyrex", "count": 6}, {"name": "P\u00e1la P\u00e1la", "count": 1}, {"name": "P\u00e8re Joseph", "count": 1}, {"name": "QAMPO", "count": 2}, {"name": "QNT", "count": 1}, {"name": "Quaker", "count": 3}, {"name": "Quaker Oats Express", "count": 1}, {"name": "Quality Street", "count": 1}, {"name": "Quies", "count": 4}, {"name": "Quinta Vista", "count": 1}, {"name": "Quorn", "count": 2}, {"name": "Rabe", "count": 1}, {"name": "Rabeko", "count": 1}, {"name": "Raclean", "count": 1}, {"name": "Raffaello", "count": 1}, {"name": "Rama", "count": 1}, {"name": "Ramborn", "count": 1}, {"name": "Rascal+Friends", "count": 6}, {"name": "Raven", "count": 8}, {"name": "Realemon", "count": 2}, {"name": "Realime", "count": 1}, {"name": "Recoda", "count": 4}, {"name": "Red Bull", "count": 6}, {"name": "Red Flame", "count": 1}, {"name": "Regional", "count": 5}, {"name": "Relaximed", "count": 1}, {"name": "Remy", "count": 3}, {"name": "Rena", "count": 1}, {"name": "Repomodoro", "count": 1}, {"name": "Rexona", "count": 4}, {"name": "Rexona Men", "count": 1}, {"name": "Rheinland", "count": 1}, {"name": "Ricard", "count": 3}, {"name": "RiceUP!", "count": 2}, {"name": "Ricola", "count": 10}, {"name": "Rident", "count": 1}, {"name": "Riem", "count": 2}, {"name": "Riga", "count": 1}, {"name": "Rio Mare", "count": 10}, {"name": "Riso Scotti", "count": 1}, {"name": "Ritchie", "count": 3}, {"name": "Ritter Sport", "count": 5}, {"name": "Rivella", "count": 4}, {"name": "RoC", "count": 10}, {"name": "Robertson's", "count": 1}, {"name": "Robi", "count": 4}, {"name": "Robijn", "count": 1}, {"name": "Rochefort", "count": 4}, {"name": "Rodenbach", "count": 2}, {"name": "Rodeo", "count": 3}, {"name": "Roku Gin", "count": 1}, {"name": "Rombouts", "count": 5}, {"name": "Roodeberg", "count": 5}, {"name": "Roquefort", "count": 1}, {"name": "Rosport", "count": 13}, {"name": "Roucadil", "count": 2}, {"name": "Roude L\u00e9iw Bounekaffi", "count": 1}, {"name": "Royal", "count": 3}, {"name": "Royco", "count": 9}, {"name": "Royco Crunchy", "count": 15}, {"name": "Rubens", "count": 1}, {"name": "Ruffles", "count": 1}, {"name": "R\u00e9MY MARTIN", "count": 1}, {"name": "SBS", "count": 2}, {"name": "SEL", "count": 1}, {"name": "SEPTONA", "count": 1}, {"name": "SMART", "count": 1}, {"name": "SPAAS", "count": 1}, {"name": "ST MARTIN", "count": 7}, {"name": "Sacla", "count": 2}, {"name": "Safari", "count": 1}, {"name": "Sagres", "count": 2}, {"name": "Saint Aga\u00fbne", "count": 1}, {"name": "Saint-Albray", "count": 1}, {"name": "Saison Dupont", "count": 1}, {"name": "Salakis", "count": 4}, {"name": "Saldomar", "count": 1}, {"name": "Sammontana", "count": 2}, {"name": "Samra", "count": 1}, {"name": "San Giorgio", "count": 1}, {"name": "San Pellegrino", "count": 9}, {"name": "Sanex", "count": 23}, {"name": "Sanex Natur Protect", "count": 3}, {"name": "Santa Maria", "count": 1}, {"name": "Sanytol", "count": 13}, {"name": "Sapoli", "count": 3}, {"name": "Saupiquet", "count": 3}, {"name": "Sb", "count": 9}, {"name": "Schnitzer", "count": 1}, {"name": "Scholl", "count": 12}, {"name": "Schwarzkopf", "count": 13}, {"name": "Schwarzkopf Gliss", "count": 5}, {"name": "Schwarzkopf Gliss Kur", "count": 1}, {"name": "Schweppes", "count": 14}, {"name": "Schweppes S\u00e9lection", "count": 1}, {"name": "Schweppes Zero", "count": 4}, {"name": "Sch\u00e4r", "count": 9}, {"name": "Scotch-Brite", "count": 3}, {"name": "Scottex", "count": 5}, {"name": "Seeberger", "count": 27}, {"name": "Senseo", "count": 7}, {"name": "Sensodyne", "count": 8}, {"name": "Serena", "count": 2}, {"name": "Serrano", "count": 1}, {"name": "Sharwood's", "count": 1}, {"name": "Sheba", "count": 15}, {"name": "Shelma", "count": 15}, {"name": "Signal", "count": 8}, {"name": "Signal Integral 8", "count": 5}, {"name": "Silan", "count": 6}, {"name": "Silk & Spice", "count": 1}, {"name": "Simon", "count": 7}, {"name": "Sir Edward's", "count": 1}, {"name": "Sir James 101", "count": 6}, {"name": "Siro", "count": 1}, {"name": "Sistema", "count": 6}, {"name": "Skittles", "count": 1}, {"name": "Sleepimed", "count": 1}, {"name": "Sloggi", "count": 20}, {"name": "Smaakt", "count": 2}, {"name": "Smeets", "count": 1}, {"name": "Smirnoff", "count": 4}, {"name": "Snickers", "count": 3}, {"name": "So Thai", "count": 6}, {"name": "Soci\u00e9t\u00e9", "count": 1}, {"name": "SodaTASTE", "count": 3}, {"name": "SodaTASTE by mysoda", "count": 1}, {"name": "Sodastream", "count": 20}, {"name": "Sodastream 7UP", "count": 2}, {"name": "Sodastream Lipton", "count": 2}, {"name": "Sodastream Pepsi", "count": 5}, {"name": "Sodastream Pepsi Zero Sugar", "count": 1}, {"name": "Softiezz", "count": 1}, {"name": "Sogno Italiano", "count": 2}, {"name": "Soignon", "count": 3}, {"name": "Solimed", "count": 1}, {"name": "Solo", "count": 9}, {"name": "Soto", "count": 1}, {"name": "Soubirac", "count": 3}, {"name": "Soubry", "count": 14}, {"name": "Soupline", "count": 17}, {"name": "Souq", "count": 2}, {"name": "Soutiran", "count": 1}, {"name": "Spa Fruit", "count": 11}, {"name": "Spa Intense", "count": 5}, {"name": "Spa Reine", "count": 6}, {"name": "Spa Touch", "count": 9}, {"name": "Spaas", "count": 23}, {"name": "Spagheroni", "count": 1}, {"name": "Speak Low", "count": 1}, {"name": "Sprite", "count": 4}, {"name": "Sprite Zero Sugar", "count": 2}, {"name": "St Bernardus", "count": 3}, {"name": "St Feuillien", "count": 2}, {"name": "St Martin", "count": 1}, {"name": "St M\u00f4ret", "count": 2}, {"name": "St M\u00f4ret Ap\u00e9rifrais", "count": 1}, {"name": "Stabilo", "count": 10}, {"name": "Stabilo Boss", "count": 4}, {"name": "Staedtler", "count": 3}, {"name": "Star Bright", "count": 1}, {"name": "Starbright", "count": 10}, {"name": "Starbucks", "count": 10}, {"name": "Starbucks By Nespresso", "count": 5}, {"name": "Stassen", "count": 3}, {"name": "Stella Artois", "count": 1}, {"name": "Steradent", "count": 2}, {"name": "Stimorol", "count": 8}, {"name": "Stimorol Oral-B", "count": 1}, {"name": "Stitch", "count": 1}, {"name": "Stoffels", "count": 1}, {"name": "Strongbow", "count": 1}, {"name": "Studio", "count": 1}, {"name": "Succ\u00e8s Du Jour", "count": 1}, {"name": "Sultana", "count": 5}, {"name": "Sumol", "count": 6}, {"name": "Sun", "count": 6}, {"name": "Sun Pro-Expert", "count": 1}, {"name": "Sunartis", "count": 1}, {"name": "Sunlight", "count": 7}, {"name": "Super Bock", "count": 7}, {"name": "Supradyn", "count": 8}, {"name": "Surprise Drinks Cars", "count": 1}, {"name": "Sushi Fresh", "count": 39}, {"name": "Suzi Wan", "count": 14}, {"name": "Sweet Originals", "count": 4}, {"name": "Sweet-Switch", "count": 7}, {"name": "Swiffer", "count": 13}, {"name": "Swirl", "count": 13}, {"name": "Sylvamo", "count": 2}, {"name": "Syoss", "count": 27}, {"name": "TADA!", "count": 1}, {"name": "TP Link Tapo", "count": 2}, {"name": "TP-Link", "count": 1}, {"name": "TWISTED CAT", "count": 2}, {"name": "Tabasco", "count": 6}, {"name": "Taft", "count": 1}, {"name": "Tahiti", "count": 9}, {"name": "Talisker", "count": 1}, {"name": "Tamnavulin", "count": 1}, {"name": "Tampax Compak", "count": 3}, {"name": "Tanqueray", "count": 3}, {"name": "Target", "count": 2}, {"name": "Tasty", "count": 20}, {"name": "Tech Deck", "count": 1}, {"name": "Teisseire", "count": 8}, {"name": "Tempo", "count": 1}, {"name": "Tena", "count": 5}, {"name": "Tena Discreet", "count": 4}, {"name": "Tena Men", "count": 1}, {"name": "Tenimenti Civa", "count": 1}, {"name": "Terra", "count": 2}, {"name": "Terra Creta", "count": 4}, {"name": "Terrasana", "count": 1}, {"name": "Terrefort", "count": 2}, {"name": "Terschellinger", "count": 1}, {"name": "Tesa", "count": 1}, {"name": "Texas Instruments", "count": 1}, {"name": "The Art Of Potatoes", "count": 1}, {"name": "The Belgian", "count": 1}, {"name": "The Famous Grouse", "count": 1}, {"name": "The Glenlivet", "count": 1}, {"name": "The Gutsy Captain", "count": 2}, {"name": "The Kraken", "count": 1}, {"name": "The Potato Chef", "count": 4}, {"name": "The Singleton", "count": 1}, {"name": "The bio veggie company", "count": 2}, {"name": "Theramed", "count": 1}, {"name": "Thijs", "count": 1}, {"name": "Thomas Henry", "count": 1}, {"name": "Thomy", "count": 3}, {"name": "Thrive", "count": 1}, {"name": "Tic Tac", "count": 1}, {"name": "Tiger Balm", "count": 3}, {"name": "Tigex", "count": 3}, {"name": "Tipp-Ex", "count": 4}, {"name": "Toblerone", "count": 1}, {"name": "Toki", "count": 1}, {"name": "Tomme", "count": 1}, {"name": "Tongerlo", "count": 2}, {"name": "Tony's Chocolonely", "count": 4}, {"name": "Toppits", "count": 12}, {"name": "Toso Asti", "count": 1}, {"name": "Tout Bien", "count": 1}, {"name": "Trefin", "count": 1}, {"name": "Trek", "count": 1}, {"name": "Tribe", "count": 2}, {"name": "Tripel Karmeliet", "count": 4}, {"name": "Tripel Lefort", "count": 1}, {"name": "Trolli", "count": 2}, {"name": "Tropicana", "count": 7}, {"name": "Tropico", "count": 1}, {"name": "True Gum", "count": 2}, {"name": "Trust", "count": 1}, {"name": "Tuerlinckx", "count": 1}, {"name": "Twinings", "count": 4}, {"name": "Twix", "count": 5}, {"name": "Tyrconnell", "count": 1}, {"name": "T\u00f6nissteiner", "count": 9}, {"name": "UCAL", "count": 1}, {"name": "URI-CRAN", "count": 1}, {"name": "Ultra Doux", "count": 2}, {"name": "Ultra Doux Garnier", "count": 12}, {"name": "Union Match", "count": 3}, {"name": "Union des Viticulteurs de Chablis", "count": 2}, {"name": "V6", "count": 1}, {"name": "VITRO CLEN", "count": 2}, {"name": "Vache Bleue", "count": 5}, {"name": "Vacuvin", "count": 1}, {"name": "Vahin\u00e9", "count": 3}, {"name": "Val-Dieu", "count": 8}, {"name": "Valaya", "count": 1}, {"name": "Valsoia", "count": 2}, {"name": "Valvert", "count": 1}, {"name": "Van Delft", "count": 2}, {"name": "Van Hengelo", "count": 1}, {"name": "Van Houten Jacques", "count": 1}, {"name": "Van den Berg", "count": 2}, {"name": "Vandemoortele", "count": 14}, {"name": "Vandemoortele Excellence", "count": 1}, {"name": "Vandermaesen", "count": 1}, {"name": "Vania Maxi", "count": 2}, {"name": "Vanilivit", "count": 1}, {"name": "Vanish", "count": 12}, {"name": "Vapona", "count": 19}, {"name": "Vaseline", "count": 1}, {"name": "Veet", "count": 12}, {"name": "Venus", "count": 3}, {"name": "Verdannet", "count": 1}, {"name": "Verhaak", "count": 1}, {"name": "Veuve Ambal", "count": 1}, {"name": "Vichy Celestins", "count": 1}, {"name": "Vici", "count": 4}, {"name": "Vicks", "count": 6}, {"name": "Victor Preiss", "count": 4}, {"name": "Victoria", "count": 2}, {"name": "Vieira", "count": 2}, {"name": "Vieux Li\u00e8ge", "count": 1}, {"name": "Vigier-Latour", "count": 2}, {"name": "Vileda", "count": 28}, {"name": "Villa Massa", "count": 2}, {"name": "Villers", "count": 2}, {"name": "Vim", "count": 1}, {"name": "Vintense", "count": 7}, {"name": "Violife", "count": 5}, {"name": "Vit-Hit", "count": 2}, {"name": "Vitakraft", "count": 25}, {"name": "Vitamin Well", "count": 8}, {"name": "Vitavea", "count": 2}, {"name": "Vitelma", "count": 2}, {"name": "Vittel", "count": 2}, {"name": "Vivera", "count": 9}, {"name": "Vi\u00f1a Tarapac\u00e1", "count": 4}, {"name": "Volvic", "count": 2}, {"name": "WalWood", "count": 2}, {"name": "Waratah", "count": 1}, {"name": "Waterwipes", "count": 1}, {"name": "Wc Net", "count": 12}, {"name": "We", "count": 1}, {"name": "Weber", "count": 1}, {"name": "Weetabix", "count": 2}, {"name": "Well", "count": 7}, {"name": "Werther's Original", "count": 2}, {"name": "Whiskas", "count": 15}, {"name": "Wijn rood Montepulciano d'Abruzzo 75cl", "count": 1}, {"name": "Wilkinson Sword", "count": 8}, {"name": "William Lawson's", "count": 2}, {"name": "William Saurin", "count": 4}, {"name": "Williams", "count": 1}, {"name": "Wings", "count": 1}, {"name": "Wonky", "count": 1}, {"name": "Woodberries", "count": 1}, {"name": "Woolite", "count": 2}, {"name": "Wortegemsen", "count": 1}, {"name": "Wrigley's Freedent", "count": 4}, {"name": "Wycam's", "count": 1}, {"name": "XL-S", "count": 1}, {"name": "Yakult", "count": 3}, {"name": "Yana", "count": 21}, {"name": "Yana Rizi", "count": 1}, {"name": "Yoghurt Aardbei 4x120g", "count": 1}, {"name": "Yoplait", "count": 2}, {"name": "Yoplait Mini Yop", "count": 1}, {"name": "Yoplait Panier De Yoplait", "count": 2}, {"name": "Yoplait Petits Filous", "count": 1}, {"name": "Yplon", "count": 1}, {"name": "Ypra", "count": 1}, {"name": "Yummix", "count": 1}, {"name": "ZED Candy", "count": 1}, {"name": "Zagazoe!", "count": 5}, {"name": "Zagazoe! Paw Patrol", "count": 1}, {"name": "Zandvliet", "count": 1}, {"name": "Zapetti", "count": 6}, {"name": "Zarpellon", "count": 2}, {"name": "Zeisner", "count": 2}, {"name": "Zeiss", "count": 2}, {"name": "Zenker", "count": 1}, {"name": "Zenner", "count": 28}, {"name": "Zespri", "count": 4}, {"name": "Zeta", "count": 6}, {"name": "Zimbo", "count": 1}, {"name": "Zip", "count": 4}, {"name": "Zizi Coin Coin", "count": 1}, {"name": "Zonnatura", "count": 1}, {"name": "Zott", "count": 1}, {"name": "Zott Monte", "count": 2}, {"name": "Zubrowka", "count": 2}, {"name": "Zwan", "count": 7}, {"name": "Zwitsal", "count": 2}, {"name": "Zyla", "count": 2}, {"name": "Z\u00f9sto", "count": 1}, {"name": "amuse", "count": 2}, {"name": "babybio", "count": 1}, {"name": "bolsius", "count": 14}, {"name": "dolce panna", "count": 1}, {"name": "head&shoulders", "count": 13}, {"name": "hy@pro", "count": 2}, {"name": "illooms", "count": 4}, {"name": "jarr", "count": 2}, {"name": "kangourou", "count": 29}, {"name": "leifheit", "count": 11}, {"name": "snaqs", "count": 2}, {"name": "tilda", "count": 4}, {"name": "val dieu", "count": 1}, {"name": "\u00c7a-Va-Seul", "count": 18}, {"name": "\u00d6ing", "count": 3}], "isBio": 436, "isNew": 75, "isPrivateLabel": 2792, "vegan": 2035, "veggie": 3409, "alcoholFree": 5120, "alcoholFreeVinegarAllowed": 5655, "halalVinegarFree": 3571, "halalVinegarAllowed": 3798, "redPrice": 38, "nutriscoreLabel": [{"name": "A", "count": 1124}, {"name": "B", "count": 716}, {"name": "C", "count": 1237}, {"name": "D", "count": 1146}, {"name": "E", "count": 1185}], "ecoscoreLabel": [{"name": "A", "count": 768}, {"name": "B", "count": 1367}, {"name": "C", "count": 1045}, {"name": "D", "count": 1180}, {"name": "E", "count": 587}], "categoryTree": [{"name": "L\u00e9gumes et fruits", "id": "4676", "count": 402, "children": [{"name": "L\u00e9gumes frais", "id": "4686", "count": 196, "children": [{"name": "Pomme de terre", "id": "4736", "count": 27, "children": [{"name": "Pommes de terre non pel\u00e9es", "id": "4738", "count": 16, "seoName": "", "imageURL": "", "description": ""}, {"name": "Pommes de terre \u00e9pluch\u00e9es", "id": "4740", "count": 9, "seoName": "", "imageURL": "", "description": ""}, {"name": "Pr\u00e9paration pomme de terre", "id": "6787", "count": 2, "seoName": "", "imageURL": "", "description": ""}], "seoName": "", "imageURL": "", "description": ""}, {"name": "L\u00e9gumes-racines", "id": "2446", "count": 14, "seoName": "", "imageURL": "", "description": ""}, {"name": "Salade/L\u00e9gumes-feuille", "id": "2448", "count": 16, "seoName": "", "imageURL": "", "description": ""}, {"name": "L\u00e9gumes pour la soupe", "id": "4670", "count": 5, "seoName": "", "imageURL": "", "description": ""}, {"name": "Tomates", "id": "2450", "count": 15, "seoName": "", "imageURL": "", "description": ""}, {"name": "Champignons frais", "id": "2452", "count": 13, "seoName": "", "imageURL": "", "description": ""}, {"name": "Oignons/Ail/Echalotes", "id": "2454", "count": 13, "seoName": "", "imageURL": "", "description": ""}, {"name": "Choux", "id": "2456", "count": 7, "seoName": "", "imageURL": "", "description": ""}, {"name": "L\u00e9gumes-fruits", "id": "4668", "count": 10, "seoName": "", "imageURL": "", "description": ""}, {"name": "Haricots", "id": "2458", "count": 10, "seoName": "", "imageURL": "", "description": ""}, {"name": "Herbes fra\u00eeches/Germes", "id": "2464", "count": 20, "seoName": "", "imageURL": "", "description": ""}, {"name": "Salades coup\u00e9es", "id": "4672", "count": 13, "seoName": "", "imageURL": "", "description": ""}, {"name": "Crudit\u00e9s/M\u00e9langes pour wok", "id": "2462", "count": 17, "seoName": "", "imageURL": "", "description": ""}, {"name": "Autres l\u00e9gumes coup\u00e9s", "id": "4674", "count": 8, "seoName": "", "imageURL": "", "description": ""}, {"name": "Autres l\u00e9gumes frais", "id": "2460", "count": 8, "seoName": "", "imageURL": "", "description": ""}], "seoName": "", "imageURL": "", "description": ""}, {"name": "Fruits frais", "id": "4678", "count": 103, "children": [{"name": "Pommes", "id": "2426", "count": 12, "seoName": "", "imageURL": "", "description": ""}, {"name": "Poires", "id": "2428", "count": 6, "seoName": "", "imageURL": "", "description": ""}, {"name": "Oranges", "id": "2422", "count": 5, "seoName": "", "imageURL": "", "description": ""}, {"name": "Autres agrumes", "id": "2424", "count": 4, "seoName": "", "imageURL": "", "description": ""}, {"name": "Fruits rouges/Fruits \u00e0 noyau", "id": "2432", "count": 16, "seoName": "", "imageURL": "", "description": ""}, {"name": "Bananes", "id": "2438", "count": 4, "seoName": "", "imageURL": "", "description": ""}, {"name": "Melons", "id": "2434", "count": 6, "seoName": "", "imageURL": "", "description": ""}, {"name": "Raisins", "id": "2436", "count": 3, "seoName": "", "imageURL": "", "description": ""}, {"name": "Fruits exotiques", "id": "2430", "count": 14, "seoName": "", "imageURL": "", "description": ""}, {"name": "Fruits s\u00e9ch\u00e9s", "id": "2440", "count": 29, "seoName": "", "imageURL": "", "description": ""}, {"name": "Fruits coup\u00e9s", "id": "6742", "count": 4, "seoName": "", "imageURL": "", "description": ""}], "seoName": "", "imageURL": "", "description": ""}, {"name": "Noix", "id": "4680", "count": 98, "children": [{"name": "Cacahu\u00e8tes/Pistaches", "id": "2862", "count": 22, "seoName": "", "imageURL": "", "description": ""}, {"name": "Noix en coque", "id": "4682", "count": 5, "seoName": "", "imageURL": "", "description": ""}, {"name": "M\u00e9langes de noix", "id": "2442", "count": 25, "seoName": "", "imageURL": "", "description": ""}, {"name": "Noix et graines nature", "id": "2444", "count": 41, "seoName": "", "imageURL": "", "description": ""}, {"name": "Noix pour cuire et p\u00e2tisserie", "id": "4684", "count": 5, "seoName": "", "imageURL": "", "description": ""}], "seoName": "", "imageURL": "", "description": ""}, {"name": "Fresh Box / Colis repas", "id": "6841", "count": 5, "seoName": "", "imageURL": "", "description": ""}], "seoName": "", "imageURL": "", "description": ""}, {"name": "Boucherie Colruyt", "id": "2466", "count": 296, "children": [{"name": "Barbecue/Gril", "id": "2468", "count": 19, "seoName": "", "imageURL": "", "description": ""}, {"name": "Viande en libre service", "id": "3508", "count": 2, "children": [{"name": "Jambon cuit/s\u00e9ch\u00e9 -.", "id": "3532", "count": 2, "seoName": "", "imageURL": "", "description": ""}], "seoName": "", "imageURL": "", "description": ""}, {"name": "traiteur", "id": "4832", "count": 27, "seoName": "", "imageURL": "", "description": ""}, {"name": "Plats d'hiver", "id": "4208", "count": 2, "seoName": "", "imageURL": "", "description": ""}, {"name": "Plateaux", "id": "3610", "count": 9, "seoName": "", "imageURL": "", "description": ""}, {"name": "Gourmet/Fondue", "id": "4708", "count": 11, "seoName": "", "imageURL": "", "description": ""}, {"name": "Viande de boeuf", "id": "2470", "count": 22, "seoName": "", "imageURL": "", "description": ""}, {"name": "Viande de veau", "id": "2472", "count": 8, "seoName": "", "imageURL": "", "description": ""}, {"name": "Viande de porc", "id": "2476", "count": 29, "seoName": "", "imageURL": "", "description": ""}, {"name": "Viande d'agneau", "id": "2484", "count": 5, "seoName": "", "imageURL": "", "description": ""}, {"name": "Volaille", "id": "2478", "count": 26, "seoName": "", "imageURL": "", "description": ""}, {"name": "Volaille pan\u00e9e", "id": "4202", "count": 8, "seoName": "", "imageURL": "", "description": ""}, {"name": "Lapin", "id": "2480", "count": 1, "seoName": "", "imageURL": "", "description": ""}, {"name": "Pr\u00e9parations", "id": "2482", "count": 32, "seoName": "", "imageURL": "", "description": ""}, {"name": "Pr\u00e9parations de volaille", "id": "3728", "count": 7, "seoName": "", "imageURL": "", "description": ""}, {"name": "Boudins/saucisses", "id": "2498", "count": 1, "seoName": "", "imageURL": "", "description": ""}, {"name": "Accompagnement", "id": "3808", "count": 3, "seoName": "", "imageURL": "", "description": ""}, {"name": "Sauces", "id": "3500", "count": 5, "seoName": "", "imageURL": "", "description": ""}, {"name": "Plats pr\u00e9par\u00e9s", "id": "2474", "count": 5, "seoName": "", "imageURL": "", "description": ""}, {"name": "Salades", "id": "2500", "count": 12, "seoName": "", "imageURL": "", "description": ""}, {"name": "P\u00e2t\u00e9s", "id": "2496", "count": 7, "seoName": "", "imageURL": "", "description": ""}, {"name": "Charcuterie cuite", "id": "2488", "count": 17, "seoName": "", "imageURL": "", "description": ""}, {"name": "Charcuterie sal\u00e9e/fum\u00e9e", "id": "2490", "count": 6, "seoName": "", "imageURL": "", "description": ""}, {"name": "Charcuterie de volaille", "id": "2486", "count": 7, "seoName": "", "imageURL": "", "description": ""}, {"name": "Jambon cuit/s\u00e9ch\u00e9", "id": "2494", "count": 10, "seoName": "", "imageURL": "", "description": ""}, {"name": "Salami/ saucisson", "id": "2492", "count": 15, "seoName": "", "imageURL": "", "description": ""}], "seoName": "", "imageURL": "", "description": ""}, {"name": "Pr\u00e9parations/Charcuterie/Poissons/Veggi", "id": "2540", "count": 513, "children": [{"name": "Plats pr\u00e9par\u00e9s frais", "id": "3864", "count": 186, "children": [{"name": "Pizzas", "id": "2542", "count": 7, "seoName": "", "imageURL": "", "description": ""}, {"name": "Lasagne", "id": "3946", "count": 14, "seoName": "", "imageURL": "", "description": ""}, {"name": "Autre p\u00e2te", "id": "4376", "count": 39, "seoName": "", "imageURL": "", "description": ""}, {"name": "Pr\u00e9parations avec viande", "id": "3948", "count": 6, "seoName": "", "imageURL": "", "description": ""}, {"name": "Pr\u00e9parations avec volaille", "id": "3950", "count": 5, "seoName": "", "imageURL": "", "description": ""}, {"name": "Autres pr\u00e9parations", "id": "2544", "count": 61, "seoName": "", "imageURL": "", "description": ""}, {"name": "Snacks et bouch\u00e9es ap\u00e9ritives", "id": "4378", "count": 26, "seoName": "", "imageURL": "", "description": ""}, {"name": "P\u00e2te pr\u00e9par\u00e9e et cr\u00eapes", "id": "3866", "count": 21, "seoName": "", "imageURL": "", "description": ""}, {"name": "potages frais", "id": "4732", "count": 7, "seoName": "", "imageURL": "", "description": ""}], "seoName": "", "imageURL": "", "description": ""}, {"name": "Charcuterie", "id": "2502", "count": 171, "children": [{"name": "Jambon cuit", "id": "4380", "count": 20, "seoName": "", "imageURL": "", "description": ""}, {"name": "Jambon fum\u00e9/s\u00e9ch\u00e9", "id": "4382", "count": 23, "seoName": "", "imageURL": "", "description": ""}, {"name": "Salami (tranches)", "id": "3952", "count": 17, "seoName": "", "imageURL": "", "description": ""}, {"name": "Saucisson", "id": "4384", "count": 29, "seoName": "", "imageURL": "", "description": ""}, {"name": "Saucisse cuite et pain de viande", "id": "4386", "count": 18, "seoName": "", "imageURL": "", "description": ""}, {"name": "Lard et bacon", "id": "3464", "count": 16, "seoName": "", "imageURL": "", "description": ""}, {"name": "P\u00e2t\u00e9 et foie gras", "id": "3466", "count": 10, "seoName": "", "imageURL": "", "description": ""}, {"name": "Charcuterie volaille", "id": "3868", "count": 25, "seoName": "", "imageURL": "", "description": ""}, {"name": "Charcuterie tapas", "id": "4388", "count": 13, "seoName": "", "imageURL": "", "description": ""}], "seoName": "", "imageURL": "", "description": ""}, {"name": "Salades pr\u00e9par\u00e9es", "id": "4390", "count": 34, "children": [{"name": "Salades de viande", "id": "4392", "count": 15, "seoName": "", "imageURL": "", "description": ""}, {"name": "Salades de poisson", "id": "4394", "count": 13, "seoName": "", "imageURL": "", "description": ""}, {"name": "Salades de l\u00e9gumes", "id": "4396", "count": 6, "seoName": "", "imageURL": "", "description": ""}], "seoName": "", "imageURL": "", "description": ""}, {"name": "Poissons et crustac\u00e9s", "id": "2546", "count": 53, "children": [{"name": "Poisson espace fra\u00eecheur", "id": "3732", "count": 10, "seoName": "", "imageURL": "", "description": ""}, {"name": "Nature/poisson fum\u00e9", "id": "2548", "count": 18, "seoName": "", "imageURL": "", "description": ""}, {"name": "Crustac\u00e9s", "id": "2552", "count": 16, "seoName": "", "imageURL": "", "description": ""}, {"name": "Marin\u00e9/au vinaigre", "id": "2550", "count": 9, "seoName": "", "imageURL": "", "description": ""}], "seoName": "", "imageURL": "", "description": ""}, {"name": "Veggie", "id": "4254", "count": 68, "seoName": "", "imageURL": "", "description": ""}, {"name": "Melange \u00e0 cuire", "id": "6795", "count": 1, "seoName": "", "imageURL": "", "description": ""}], "seoName": "", "imageURL": "", "description": ""}, {"name": "Cr\u00e9merie", "id": "2504", "count": 863, "children": [{"name": "Lait/Boissons lact\u00e9e", "id": "2508", "count": 105, "children": [{"name": "Lait UHT et alternative v\u00e9g\u00e9tale", "id": "4780", "count": 56, "children": [{"name": "Lait entier", "id": "4788", "count": 9, "seoName": "", "imageURL": "", "description": ""}, {"name": "Lait demi-\u00e9cr\u00e9m\u00e9", "id": "4790", "count": 13, "seoName": "", "imageURL": "", "description": ""}, {"name": "Lait \u00e9cr\u00e9m\u00e9", "id": "4792", "count": 3, "seoName": "", "imageURL": "", "description": ""}, {"name": "Lait sans lactose ou vitamin\u00e9", "id": "4794", "count": 4, "seoName": "", "imageURL": "", "description": ""}, {"name": "Alternative v\u00e9g\u00e9tale", "id": "4796", "count": 27, "seoName": "", "imageURL": "", "description": ""}], "seoName": "", "imageURL": "", "description": ""}, {"name": "Lait chocolat\u00e9/aromatis\u00e9 / alt. v\u00e9g\u00e9", "id": "4782", "count": 30, "children": [{"name": "Petit format", "id": "4798", "count": 14, "seoName": "", "imageURL": "", "description": ""}, {"name": "Format familial", "id": "4800", "count": 16, "seoName": "", "imageURL": "", "description": ""}], "seoName": "", "imageURL": "", "description": ""}, {"name": "Lait concentr\u00e9/Poudre \u00e0 caf\u00e9", "id": "4784", "count": 12, "seoName": "", "imageURL": "", "description": ""}, {"name": "Autre boisson lact\u00e9e", "id": "4786", "count": 7, "children": [{"name": "Lait battu", "id": "4802", "count": 2, "seoName": "", "imageURL": "", "description": ""}, {"name": "Lait frais", "id": "4804", "count": 2, "seoName": "", "imageURL": "", "description": ""}, {"name": "Caf\u00e9 glac\u00e9", "id": "4806", "count": 3, "seoName": "", "imageURL": "", "description": ""}], "seoName": "", "imageURL": "", "description": ""}], "seoName": "", "imageURL": "", "description": ""}, {"name": "Oeufs", "id": "2506", "count": 11, "seoName": "", "imageURL": "", "description": ""}, {"name": "Fromage", "id": "2526", "count": 322, "children": [{"name": "Gouda", "id": "3924", "count": 44, "children": [{"name": "Gouda jeune", "id": "3926", "count": 24, "seoName": "", "imageURL": "", "description": ""}, {"name": "Gouda repos\u00e9", "id": "3928", "count": 15, "seoName": "", "imageURL": "", "description": ""}, {"name": "Light", "id": "4040", "count": 5, "seoName": "", "imageURL": "", "description": ""}], "seoName": "", "imageURL": "", "description": ""}, {"name": "Emmental/Gruy\u00e8re", "id": "2528", "count": 13, "seoName": "", "imageURL": "", "description": ""}, {"name": "Fromage r\u00e2p\u00e9", "id": "2530", "count": 32, "seoName": "", "imageURL": "", "description": ""}, {"name": "Camembert/Brie", "id": "2532", "count": 14, "seoName": "", "imageURL": "", "description": ""}, {"name": "Fromage frais", "id": "3930", "count": 39, "children": [{"name": "Fromage frais nature", "id": "3932", "count": 14, "seoName": "", "imageURL": "", "description": ""}, {"name": "Fromage frais aux herbes", "id": "3934", "count": 15, "seoName": "", "imageURL": "", "description": ""}, {"name": "Autres fromages frais", "id": "3936", "count": 10, "seoName": "", "imageURL": "", "description": ""}], "seoName": "", "imageURL": "", "description": ""}, {"name": "P\u00e2te molle/cro\u00fbte rouge & blanche", "id": "2534", "count": 30, "seoName": "", "imageURL": "", "description": ""}, {"name": "Fromages \u00e0 p\u00e2te persill\u00e9e", "id": "3620", "count": 6, "seoName": "", "imageURL": "", "description": ""}, {"name": "Fromage p\u00e2te demi-dure", "id": "3938", "count": 49, "children": [{"name": "Light", "id": "4040", "count": 5, "seoName": "", "imageURL": "", "description": ""}, {"name": "Fromage d'abbaye", "id": "3940", "count": 17, "seoName": "", "imageURL": "", "description": ""}, {"name": "Fromage trappiste", "id": "3942", "count": 1, "seoName": "", "imageURL": "", "description": ""}, {"name": "Autres fromages", "id": "3944", "count": 26, "seoName": "", "imageURL": "", "description": ""}], "seoName": "", "imageURL": "", "description": ""}, {"name": "P\u00e2te dure", "id": "2536", "count": 1, "seoName": "", "imageURL": "", "description": ""}, {"name": "Feta/Fromage de ch\u00e8vre/de brebis", "id": "2538", "count": 22, "seoName": "", "imageURL": "", "description": ""}, {"name": "Raclette/Fondue", "id": "3618", "count": 2, "seoName": "", "imageURL": "", "description": ""}, {"name": "Mozzarella/Mascarpone", "id": "3622", "count": 21, "seoName": "", "imageURL": "", "description": ""}, {"name": "Fromage fondu", "id": "4398", "count": 25, "children": [{"name": "Fromage fondu en ravier", "id": "4400", "count": 14, "seoName": "", "imageURL": "", "description": ""}, {"name": "Fromage fondu en portions", "id": "4402", "count": 10, "seoName": "", "imageURL": "", "description": ""}, {"name": "Fromage fondu en tranches", "id": "4404", "count": 1, "seoName": "", "imageURL": "", "description": ""}], "seoName": "", "imageURL": "", "description": ""}, {"name": "Fromages divers", "id": "3624", "count": 6, "seoName": "", "imageURL": "", "description": ""}, {"name": "Fromages de saison", "id": "3870", "count": 23, "seoName": "", "imageURL": "", "description": ""}], "seoName": "", "imageURL": "", "description": ""}, {"name": "Fromage blanc", "id": "2514", "count": 29, "children": [{"name": "Fromage blanc nature", "id": "2516", "count": 21, "seoName": "", "imageURL": "", "description": ""}, {"name": "Fromage blanc aux fruits", "id": "2518", "count": 8, "seoName": "", "imageURL": "", "description": ""}], "seoName": "", "imageURL": "", "description": ""}, {"name": "Yaourt et alternative v\u00e9g\u00e9tale", "id": "2510", "count": 211, "children": [{"name": "Yaourts et desserts enfants", "id": "4808", "count": 19, "seoName": "", "imageURL": "", "description": ""}, {"name": "Yaourt nature", "id": "3902", "count": 50, "children": [{"name": "Yaourt entier nature", "id": "3904", "count": 11, "seoName": "", "imageURL": "", "description": ""}, {"name": "Yaourt maigre nature", "id": "3906", "count": 16, "seoName": "", "imageURL": "", "description": ""}, {"name": "Yaourt grec nature", "id": "4810", "count": 15, "seoName": "", "imageURL": "", "description": ""}, {"name": "Sans lactose/alternative v\u00e9g\u00e9tale", "id": "4812", "count": 8, "seoName": "", "imageURL": "", "description": ""}], "seoName": "", "imageURL": "", "description": ""}, {"name": "Yaourt aux fruits", "id": "3908", "count": 117, "children": [{"name": "Yaourt entier aux fruits", "id": "3910", "count": 65, "seoName": "", "imageURL": "", "description": ""}, {"name": "Yaourt maigre aux fruits", "id": "3912", "count": 19, "seoName": "", "imageURL": "", "description": ""}, {"name": "Yaourt grec aux fruits", "id": "4814", "count": 14, "seoName": "", "imageURL": "", "description": ""}, {"name": "Sans lactose / alternative v\u00e9g\u00e9tale", "id": "4816", "count": 19, "seoName": "", "imageURL": "", "description": ""}], "seoName": "", "imageURL": "", "description": ""}, {"name": "Yaourt \u00e0 boire et boisson sant\u00e9", "id": "2512", "count": 25, "children": [{"name": "Yaourt \u00e0 boire", "id": "4818", "count": 13, "seoName": "", "imageURL": "", "description": ""}, {"name": "Boissons sant\u00e9", "id": "4820", "count": 12, "seoName": "", "imageURL": "", "description": ""}], "seoName": "", "imageURL": "", "description": ""}], "seoName": "", "imageURL": "", "description": ""}, {"name": "Dessert et p\u00e2te pr\u00e9par\u00e9e/cr\u00e8pes", "id": "2520", "count": 95, "children": [{"name": "Yaourts et desserts enfants", "id": "4808", "count": 19, "seoName": "", "imageURL": "", "description": ""}, {"name": "Mousse au chocolat", "id": "2522", "count": 8, "seoName": "", "imageURL": "", "description": ""}, {"name": "Riz au lait", "id": "2524", "count": 7, "seoName": "", "imageURL": "", "description": ""}, {"name": "Pudding / Liegeois / cr\u00e8me", "id": "4420", "count": 22, "seoName": "", "imageURL": "", "description": ""}, {"name": "Flan", "id": "4822", "count": 4, "seoName": "", "imageURL": "", "description": ""}, {"name": "Sp\u00e9cialit\u00e9", "id": "4422", "count": 6, "seoName": "", "imageURL": "", "description": ""}, {"name": "Dessert sans lactose / altern. v\u00e9g\u00e9tal", "id": "4824", "count": 5, "seoName": "", "imageURL": "", "description": ""}, {"name": "P\u00e2te pr\u00e9par\u00e9e et cr\u00eapes", "id": "3866", "count": 21, "seoName": "", "imageURL": "", "description": ""}, {"name": "High proteines", "id": "6781", "count": 3, "seoName": "", "imageURL": "", "description": ""}], "seoName": "", "imageURL": "", "description": ""}, {"name": "Beurre et margarine", "id": "4406", "count": 67, "children": [{"name": "Beurre", "id": "4408", "count": 35, "seoName": "", "imageURL": "", "description": ""}, {"name": "Margarine \u00e0 cuire", "id": "4410", "count": 16, "seoName": "", "imageURL": "", "description": ""}, {"name": "Margarine \u00e0 tartiner", "id": "4412", "count": 16, "seoName": "", "imageURL": "", "description": ""}], "seoName": "", "imageURL": "", "description": ""}, {"name": "Cr\u00e8me fra\u00eeche et alternatives", "id": "3916", "count": 42, "children": [{"name": "Moins 30 pour cent de M.G", "id": "3918", "count": 19, "seoName": "", "imageURL": "", "description": ""}, {"name": "Plus 30 pour cent de M.G", "id": "3920", "count": 17, "seoName": "", "imageURL": "", "description": ""}, {"name": "Cr\u00e8me fra\u00eeche \u00e9paisse et aux \u00e9pices", "id": "3922", "count": 5, "seoName": "", "imageURL": "", "description": ""}, {"name": "Soja", "id": "6837", "count": 1, "seoName": "", "imageURL": "", "description": ""}], "seoName": "", "imageURL": "", "description": ""}], "seoName": "", "imageURL": "", "description": ""}, {"name": "Boulangerie/Petit-d\u00e9jeuner", "id": "2554", "count": 408, "children": [{"name": "Pain et p\u00e2tisseries", "id": "4660", "count": 86, "children": [{"name": "Pain frais du jour", "id": "3890", "count": 11, "seoName": "", "imageURL": "", "description": ""}, {"name": "Pains pr\u00e9-emball\u00e9s", "id": "2556", "count": 20, "seoName": "", "imageURL": "", "description": ""}, {"name": "Petits pains/sandwiches", "id": "2558", "count": 7, "seoName": "", "imageURL": "", "description": ""}, {"name": "Petits pains pr\u00e9cuits", "id": "2560", "count": 33, "seoName": "", "imageURL": "", "description": ""}, {"name": "P\u00e2tisserie", "id": "2562", "count": 15, "seoName": "", "imageURL": "", "description": ""}], "seoName": "", "imageURL": "", "description": ""}, {"name": "Garnitures pour la tartine sucr\u00e9es", "id": "4662", "count": 145, "children": [{"name": "Choco", "id": "2774", "count": 30, "seoName": "", "imageURL": "", "description": ""}, {"name": "P\u00e2te de sp\u00e9culoos", "id": "3892", "count": 4, "seoName": "", "imageURL": "", "description": ""}, {"name": "Sp\u00e9culoos", "id": "4588", "count": 18, "seoName": "", "imageURL": "", "description": ""}, {"name": "Granul\u00e9s de chocolat", "id": "2776", "count": 11, "seoName": "", "imageURL": "", "description": ""}, {"name": "Miel/sirops", "id": "2778", "count": 15, "seoName": "", "imageURL": "", "description": ""}, {"name": "Confiture de fraises", "id": "2780", "count": 11, "seoName": "", "imageURL": "", "description": ""}, {"name": "Confiture d'abricots", "id": "2782", "count": 8, "seoName": "", "imageURL": "", "description": ""}, {"name": "Confiture 4 fruits", "id": "2784", "count": 5, "seoName": "", "imageURL": "", "description": ""}, {"name": "Confiture de fruits rouges", "id": "2786", "count": 14, "seoName": "", "imageURL": "", "description": ""}, {"name": "Autres confitures", "id": "2788", "count": 19, "seoName": "", "imageURL": "", "description": ""}, {"name": "Pain d'\u00e9pices", "id": "4606", "count": 6, "seoName": "", "imageURL": "", "description": ""}, {"name": "Beurre de cacahu\u00e8tes", "id": "2790", "count": 4, "seoName": "", "imageURL": "", "description": ""}], "seoName": "", "imageURL": "", "description": ""}, {"name": "C\u00e9r\u00e9ales", "id": "2792", "count": 119, "children": [{"name": "Flakes/Crispies", "id": "2794", "count": 9, "seoName": "", "imageURL": "", "description": ""}, {"name": "Au chocolat", "id": "2796", "count": 19, "seoName": "", "imageURL": "", "description": ""}, {"name": "Au miel", "id": "3966", "count": 5, "seoName": "", "imageURL": "", "description": ""}, {"name": "Aux fruits", "id": "2798", "count": 2, "seoName": "", "imageURL": "", "description": ""}, {"name": "C\u00e9r\u00e9ales diverses", "id": "2800", "count": 4, "seoName": "", "imageURL": "", "description": ""}, {"name": "C\u00e9r\u00e9ales portions individuelles", "id": "3722", "count": 1, "seoName": "", "imageURL": "", "description": ""}, {"name": "Muesli", "id": "3594", "count": 20, "seoName": "", "imageURL": "", "description": ""}, {"name": "Barres aux c\u00e9r\u00e9ales/muesli", "id": "4608", "count": 26, "seoName": "", "imageURL": "", "description": ""}, {"name": "Flocons d'avoine", "id": "3598", "count": 5, "seoName": "", "imageURL": "", "description": ""}, {"name": "Barres d\u00e9jeuner", "id": "3596", "count": 28, "seoName": "", "imageURL": "", "description": ""}], "seoName": "", "imageURL": "", "description": ""}, {"name": "Biscottes/Toasts", "id": "2802", "count": 58, "children": [{"name": "Biscottes", "id": "2804", "count": 6, "seoName": "", "imageURL": "", "description": ""}, {"name": "Pain grill\u00e9", "id": "2806", "count": 4, "seoName": "", "imageURL": "", "description": ""}, {"name": "Toasts/Zakouskis", "id": "2808", "count": 18, "seoName": "", "imageURL": "", "description": ""}, {"name": "Crackers", "id": "2810", "count": 18, "seoName": "", "imageURL": "", "description": ""}, {"name": "Galettes de riz", "id": "4664", "count": 12, "seoName": "", "imageURL": "", "description": ""}], "seoName": "", "imageURL": "", "description": ""}], "seoName": "", "imageURL": "", "description": ""}, {"name": "Chips/Amuse-gueules", "id": "2856", "count": 216, "children": [{"name": "Chips", "id": "3992", "count": 57, "children": [{"name": "Chips sel/naturel", "id": "3994", "count": 14, "seoName": "", "imageURL": "", "description": ""}, {"name": "Chips paprika", "id": "3996", "count": 13, "seoName": "", "imageURL": "", "description": ""}, {"name": "Autres chips", "id": "3998", "count": 30, "seoName": "", "imageURL": "", "description": ""}], "seoName": "", "imageURL": "", "description": ""}, {"name": "Chips fantaisie", "id": "2858", "count": 37, "seoName": "", "imageURL": "", "description": ""}, {"name": "Biscuits ap\u00e9ritifs", "id": "2860", "count": 18, "seoName": "", "imageURL": "", "description": ""}, {"name": "Cacahu\u00e8tes/Pistaches", "id": "2862", "count": 22, "seoName": "", "imageURL": "", "description": ""}, {"name": "Cerises au marasquin", "id": "2864", "count": 1, "seoName": "", "imageURL": "", "description": ""}, {"name": "Olives", "id": "3954", "count": 24, "seoName": "", "imageURL": "", "description": ""}, {"name": "Tomates s\u00e9ch\u00e9es/Tapenades et autres", "id": "3956", "count": 50, "seoName": "", "imageURL": "", "description": ""}, {"name": "Saucisses ap\u00e9ro", "id": "2866", "count": 3, "seoName": "", "imageURL": "", "description": ""}, {"name": "Sauces dip", "id": "4834", "count": 2, "seoName": "", "imageURL": "", "description": ""}, {"name": "Popcorn", "id": "4840", "count": 2, "seoName": "", "imageURL": "", "description": ""}], "seoName": "", "imageURL": "", "description": ""}, {"name": "Biscuits/Chocolat/Confiserie", "id": "2868", "count": 650, "children": [{"name": "Biscuits", "id": "4576", "count": 284, "children": [{"name": "Cake/P\u00e2tisserie", "id": "4582", "count": 49, "children": [{"name": "Portion individuelle cake/p\u00e2tisserie", "id": "4584", "count": 36, "seoName": "", "imageURL": "", "description": ""}, {"name": "Autres cakes/p\u00e2tisseries", "id": "4586", "count": 13, "seoName": "", "imageURL": "", "description": ""}], "seoName": "", "imageURL": "", "description": ""}, {"name": "Sp\u00e9culoos", "id": "4588", "count": 18, "seoName": "", "imageURL": "", "description": ""}, {"name": "Petits-beurre", "id": "4590", "count": 5, "seoName": "", "imageURL": "", "description": ""}, {"name": "Biscuits secs/nature/au sucre", "id": "4592", "count": 29, "seoName": "", "imageURL": "", "description": ""}, {"name": "M\u00e9langes de biscuits", "id": "4594", "count": 3, "seoName": "", "imageURL": "", "description": ""}, {"name": "Biscuits au chocolat", "id": "4596", "count": 77, "seoName": "", "imageURL": "", "description": ""}, {"name": "Biscuits \u00e0 la vanille/cr\u00e8me", "id": "4598", "count": 9, "seoName": "", "imageURL": "", "description": ""}, {"name": "Biscuits aux fruits/\u00e0 la confiture", "id": "4600", "count": 15, "seoName": "", "imageURL": "", "description": ""}, {"name": "Galettes", "id": "4602", "count": 10, "seoName": "", "imageURL": "", "description": ""}, {"name": "Gaufres", "id": "4604", "count": 37, "seoName": "", "imageURL": "", "description": ""}, {"name": "Pain d'\u00e9pices", "id": "4606", "count": 6, "seoName": "", "imageURL": "", "description": ""}, {"name": "Barres aux c\u00e9r\u00e9ales/muesli", "id": "4608", "count": 26, "seoName": "", "imageURL": "", "description": ""}], "seoName": "", "imageURL": "", "description": ""}, {"name": "Chocolat", "id": "4578", "count": 199, "children": [{"name": "Saint-Nicolas/No\u00ebl", "id": "4610", "count": 4, "seoName": "", "imageURL": "", "description": ""}, {"name": "Candybars", "id": "4636", "count": 55, "seoName": "", "imageURL": "", "description": ""}, {"name": "Chocolat au lait", "id": "4614", "count": 15, "seoName": "", "imageURL": "", "description": ""}, {"name": "Fondant", "id": "4616", "count": 7, "seoName": "", "imageURL": "", "description": ""}, {"name": "Noir", "id": "4618", "count": 16, "seoName": "", "imageURL": "", "description": ""}, {"name": "Chocolat blanc", "id": "4622", "count": 9, "seoName": "", "imageURL": "", "description": ""}, {"name": "Aux noisettes", "id": "4620", "count": 11, "seoName": "", "imageURL": "", "description": ""}, {"name": "Pralin\u00e9", "id": "4624", "count": 7, "seoName": "", "imageURL": "", "description": ""}, {"name": "Autres chocolats", "id": "4626", "count": 48, "children": [{"name": "Barres de chocolat", "id": "4628", "count": 15, "seoName": "", "imageURL": "", "description": ""}, {"name": "Tablettes de chocolat", "id": "4630", "count": 25, "seoName": "", "imageURL": "", "description": ""}, {"name": "Autre chocolat", "id": "4632", "count": 8, "seoName": "", "imageURL": "", "description": ""}], "seoName": "", "imageURL": "", "description": ""}, {"name": "Pralines/Articles-cadeaux", "id": "4634", "count": 12, "seoName": "", "imageURL": "", "description": ""}, {"name": "Bonbons au chocolat/Toffees/Caramels", "id": "4638", "count": 15, "seoName": "", "imageURL": "", "description": ""}], "seoName": "", "imageURL": "", "description": ""}, {"name": "Confiserie", "id": "4580", "count": 182, "children": [{"name": "Assortiment temporaire pour l'\u00e9t\u00e9", "id": "4640", "count": 2, "seoName": "", "imageURL": "", "description": ""}, {"name": "Gommes", "id": "4642", "count": 48, "seoName": "", "imageURL": "", "description": ""}, {"name": "Bonbons surs", "id": "4644", "count": 17, "seoName": "", "imageURL": "", "description": ""}, {"name": "Lards/Sucettes", "id": "4646", "count": 9, "seoName": "", "imageURL": "", "description": ""}, {"name": "Bonbons aux fruits/Dextrose", "id": "4648", "count": 20, "seoName": "", "imageURL": "", "description": ""}, {"name": "Massepain/Nougat", "id": "4650", "count": 3, "seoName": "", "imageURL": "", "description": ""}, {"name": "Pastilles \u00e0 la menthe/Pour la gorge", "id": "4652", "count": 31, "seoName": "", "imageURL": "", "description": ""}, {"name": "Chewing-gums", "id": "4654", "count": 37, "children": [{"name": "Chewing-gums en pots", "id": "4656", "count": 23, "seoName": "", "imageURL": "", "description": ""}, {"name": "Chewing-gums en paquets", "id": "4658", "count": 14, "seoName": "", "imageURL": "", "description": ""}], "seoName": "", "imageURL": "", "description": ""}, {"name": "Bonbons au chocolat/Toffees/Caramels", "id": "4638", "count": 15, "seoName": "", "imageURL": "", "description": ""}], "seoName": "", "imageURL": "", "description": ""}], "seoName": "", "imageURL": "", "description": ""}, {"name": "Epicerie", "id": "2738", "count": 1015, "children": [{"name": "P\u00e2tes", "id": "2740", "count": 111, "children": [{"name": "Spaghettis/Capellinis", "id": "2742", "count": 19, "seoName": "", "imageURL": "", "description": ""}, {"name": "Macaronis/Tagliatelles", "id": "2744", "count": 6, "seoName": "", "imageURL": "", "description": ""}, {"name": "Spirellis/Lasagne", "id": "2746", "count": 6, "seoName": "", "imageURL": "", "description": ""}, {"name": "Autres p\u00e2tes", "id": "2748", "count": 48, "seoName": "", "imageURL": "", "description": ""}, {"name": "Couscous/Nouilles chinoises", "id": "2750", "count": 32, "seoName": "", "imageURL": "", "description": ""}], "seoName": "", "imageURL": "", "description": ""}, {"name": "Riz", "id": "2752", "count": 52, "children": [{"name": "Cuisson rapide", "id": "2754", "count": 7, "seoName": "", "imageURL": "", "description": ""}, {"name": "Long grain/parboiled", "id": "2756", "count": 5, "seoName": "", "imageURL": "", "description": ""}, {"name": "Riz parfum\u00e9 oriental", "id": "2758", "count": 15, "seoName": "", "imageURL": "", "description": ""}, {"name": "Riz brun/complet", "id": "2760", "count": 5, "seoName": "", "imageURL": "", "description": ""}, {"name": "Riz pour dessert", "id": "2764", "count": 1, "seoName": "", "imageURL": "", "description": ""}, {"name": "Autres riz", "id": "2762", "count": 16, "seoName": "", "imageURL": "", "description": ""}, {"name": "Riz au lait (bo\u00eete)", "id": "2766", "count": 3, "seoName": "", "imageURL": "", "description": ""}], "seoName": "", "imageURL": "", "description": ""}, {"name": "Graines", "id": "3842", "count": 12, "seoName": "", "imageURL": "", "description": ""}, {"name": "Farines/F\u00e9culents/P\u00e2tisserie", "id": "2768", "count": 96, "children": [{"name": "Farine", "id": "3958", "count": 37, "children": [{"name": "Farine pour pain", "id": "3960", "count": 15, "seoName": "", "imageURL": "", "description": ""}, {"name": "Farine pour p\u00e2tisserie", "id": "3962", "count": 11, "seoName": "", "imageURL": "", "description": ""}, {"name": "Mix sp\u00e9ciaux", "id": "3964", "count": 11, "seoName": "", "imageURL": "", "description": ""}], "seoName": "", "imageURL": "", "descri